1827 3004
113 169 154 210 p.
179 157 231 197 46
253 155 280 196 1.
309 157 358 196 12
363 155 378 207 J
615 151 1053 195 APOLOGETICVS
1088 153 1138 192 13
1567 147 1645 187 231

111 269 371 324 piqneranclo
398 283 480 323 pro
513 268 749 310 necessitate
781 282 830 309 ac
861 267 1087 308 uoluntate.
1150 264 1309 305 Minue.
1343 265 1396 305 23
1427 263 1522 318 §10
1551 267 1648 303 tunc

110 345 315 393 postremo
338 338 438 379 deus
459 343 528 386 est,
548 352 643 378 cum
670 336 789 377 homo
814 336 940 376 illum
964 335 1096 376 uoluit
1125 339 1161 375 et
1189 333 1415 375 dedicauit.
1468 330 1647 371 Woodh.

113 407 218 448 cites
240 407 367 462 Apul.
391 406 564 447 Metam.
588 416 655 445 VII
677 419 710 446 c.
734 404 756 445 7
781 405 805 446 f.
828 404 963 445 uoluit
991 418 1074 445 esse
1104 402 1262 444 Caesar
1283 401 1445 442 Haemi
1468 399 1649 441 latronis

113 476 343 529 colleqiunz,
375 481 412 516 et
451 474 669 529 confestim
708 473 928 522 interiuit,·
973 478 1138 513 tantum
1180 476 1315 526 potest
1355 476 1481 511 nutus
1522 468 1651 510 etiam

117 546 260 599 maqni
288 544 512 599 principis.
1669 556 1689 587 5

200 630 238 670 p.
261 616 315 656 46
338 614 361 654 l.
386 616 410 654 8
443 623 746 654 VENDITANDO
776 611 928 652 Melino
957 611 1080 666 Apol.
1105 611 1158 650 10
1180 610 1307 662 (from
1331 608 1422 664 Syr.
1446 622 1484 662 p.
1505 608 1589 647 430
1610 621 1650 647 n.

116 686 195 725 191
221 683 346 735 Otto)
367 683 499 730 stulte,
515 697 617 722 num
637 681 684 722 icl
706 686 763 722 est
784 680 885 721 (leus
907 680 1015 734 quod
1037 680 1215 721 emitur?
1245 693 1355 719 omn.
1378 675 1600 731 Theophil.
1616 686 1651 715 11

116 755 140 793 2
163 768 222 808 pr.
245 767 283 808 p.
308 754 389 793 80⁰.
1317 747 1323 753 ”

201 831 505 862 CACCABVLVM
534 825 611 860 cet.
638 818 796 859 Arnob.
825 829 873 858 VI
902 819 966 858 14.
999 818 1048 858 cf.
1083 819 1135 858 13
1167 816 1403 857 simulacra
1432 814 1516 856 ista
1547 827 1653 868 quae

118 906 188 933 uos
228 896 383 932 terrent
424 904 610 944 quaeque
652 888 819 942 templis
858 888 903 928 in
945 886 1134 928 omnibus
1169 885 1380 940 prostrati
1416 890 1537 938 atque
1577 883 1651 923 hu-
1673 901 1717 923 10

118 961 235 1002 miles
271 960 475 1006 acloratis,
509 974 604 1000 ossa
633 958 799 1012 lapides
833 972 937 998 aera
968 962 1065 998 sunt
1098 961 1321 1010 argentum
1358 969 1513 995 aurum
1549 958 1654 994 testa

116 1031 279 1085 liqnum
311 1035 526 1083 sumptum
561 1043 610 1069 ecc
651 1027 798 1068 arbore
833 1032 908 1067 aut
949 1026 1217 1068 commixtum
1255 1024 1472 1079 ylutinum
1510 1036 1653 1077 qypSO,

115 1114 163 1140 ex
194 1097 408 1140 ornatibus
428 1097 617 1152 fortasse
648 1095 898 1136 meretriciis
927 1099 1002 1135 aut
1032 1109 1081 1134 ea:
1107 1092 1305 1133 muliebri
1334 1091 1488 1132 munslo
1518 1105 1652 1132 came-

116 1168 216 1209 linis
257 1182 305 1208 ecc
346 1166 512 1215 ossibus,
546 1171 620 1206 aut
661 1180 710 1206 ea·
750 1164 896 1205 Inclici
936 1163 1140 1204 animalis
1181 1163 1307 1211 (lente,
1338 1177 1387 1204 ea·
1422 1160 1655 1205 caccabulis

116 1236 259 1278 ollulis
299 1251 348 1278 eac
388 1234 656 1277 candelabris
696 1239 733 1274 et
776 1233 959 1274 lucernis
1001 1238 1073 1272 aut
1114 1246 1162 1272 ex
1203 1231 1306 1271 aliis
1353 1228 1654 1271 obscenioribus
1675 1243 1716 1274 15

119 1303 303 1346 uasculis
335 1309 525 1356 conqesta
561 1303 742 1357 conflata
775 1302 822 1342 in
854 1301 932 1342 hus
966 1301 1120 1355 species
1153 1299 1276 1340 (lucta
1314 1305 1420 1349 sunt,
1451 1304 1574 1352 atque
1608 1297 1652 1337 in

105 1375 280 1431 formas
312 1389 416 1428 quas
449 1373 620 1415 cernitis
653 1374 855 1420 exierunt,
887 1370 1141 1426 fornacibus
1172 1370 1332 1410 incocta
1365 1367 1575 1422 fiqulinis
1607 1382 1656 1408 eoe

117 1443 337 1486 incudibus
358 1449 396 1484 et
416 1442 584 1483 vmalleis
607 1447 718 1489 nata,
737 1441 876 1495 qr‘osz‘s
896 1455 1009 1488 rasa,
1032 1439 1293 1481 cliscobinata
1314 1438 1363 1479 cle
1390 1437 1504 1478 limis
1524 1437 1656 1478 serris

118 1512 473 1569 †f'zc1fzcr‘czccelis‡
501 1512 644 1558 asceis,
664 1516 774 1551 secta
806 1509 953 1550 dolata
982 1509 1128 1563 effossa
1160 1506 1419 1548 terebrarum
1451 1510 1655 1547 excauata

118 1582 333 1637 uertiqine,
376 1580 655 1622 runcinarum
707 1579 893 1633 leuiqata
945 1578 995 1619 sle
1041 1577 1197 1631 planis.
1274 1576 1381 1616 lexx.
1434 1572 1652 1626 κακκάβη.
1674 1592 1719 1613 20

118 1651 354 1696 κάκκαβος.
414 1650 537 1691 inser.
578 1649 624 1689 in
666 1647 966 1689 WVoehenschr.
1005 1648 1030 1688 f.
1067 1647 1121 1687 kl.
1162 1645 1268 1686 Phil.
1312 1644 1405 1686 Oet.
1444 1646 1499 1684 24
1543 1645 1654 1684 1894

118 1736 156 1776 p.
182 1723 304 1761 1188.
366 1720 500 1759 Varro
525 1718 578 1759 de
600 1717 701 1773 ling.
726 1716 819 1758 Lat.
843 1728 891 1756 VI
917 1714 936 1771 ξ
959 1715 1039 1756 127
1068 1730 1146 1756 uas
1174 1714 1244 1755 ubi
1272 1712 1498 1767 coquebant
1520 1711 1656 1753 cibum

118 1791 168 1832 ab
201 1805 244 1832 eo
276 1789 495 1831 caccabum
526 1788 810 1842 appellarunt.
872 1786 963 1826 The
997 1784 1217 1840 primitive
1251 1784 1369 1824 often
1405 1781 1451 1822 in
1486 1781 1654 1821 Marcel.

120 1859 292 1915 Empir„
313 1858 470 1899 Theod.
495 1857 634 1904 Prisc„
658 1856 855 1911 Pelagon.

205 1944 243 1984 p.
266 1930 320 1970 46
343 1928 367 1969 l.
391 1931 415 1969 9
438 1937 653 1968 TRVLLAM
675 1925 834 1966 Arnob.
858 1936 892 1965 11
917 1927 980 1965 23.
1042 1922 1165 1978 Coi-p.
1189 1922 1253 1963 Gl.
1277 1933 1331 1961 111
1355 1923 1408 1962 92
1433 1922 1498 1961 28.
1676 1939 1719 1970 25

206 1996 363 2038 Arnob.
397 2007 446 2035 VI
486 1998 536 2035 15
578 1995 617 2036 si
649 1994 810 2048 aliquis
844 1999 978 2048 ponat
1018 1992 1065 2032 in
1108 1991 1242 2032 medio
1283 1990 1448 2031 collisos
1483 1989 1657 2030 cleoruni

123 2067 273 2115 uultus,
295 2065 513 2120 confracta
541 2070 664 2118 atque
691 2064 919 2103 inmninuta
939 2060 1172 2102 simulacra
1202 2059 1420 2113 iubeatque
1442 2073 1516 2099 uos
1545 2058 1658 2098 idem

109 2135 270 2191 frustis
300 2134 457 2175 hostias
488 2139 524 2174 et
544 2131 842 2188 srafflninibus
871 2131 1051 2178 caedere,
1080 2128 1333 2183 informibus
1354 2127 1505 2168 massis
1532 2142 1657 2168 sacra

120 2211 157 2246 et
188 2204 333 2244 munia
362 2202 581 2257 impertire
613 2201 791 2241 cliuina:
829 2199 980 2241 audire
1013 2214 1040 2239 a
1077 2198 1191 2239 uobis
1221 2186 1487 2251 eaposcimus3
1511 2195 1656 2251 factu-

122 2275 212 2314 rine
245 2272 358 2313 istud
389 2272 481 2312 sitis
513 2285 570 2311 an
601 2276 745 2311 contra
776 2284 904 2323 quam
934 2266 1214 2322 imperabitur
1244 2266 1510 2306 recusaturi?
1558 2265 1655 2320 for-
1677 2285 1721 2315 30

121 2349 228 2384 tasse
257 2341 427 2383 dicetis:
459 2356 544 2394 (μαι
569 2354 697 2381 causa
715 2340 731 2380 ‚2
791 2338 892 2393 quia
916 2352 1031 2378 nemo
1057 2342 1115 2378 est
1142 2336 1184 2376 in
1209 2335 1328 2376 rebus
1353 2334 1549 2375 humanis
1571 2341 1657 2375 tum

120 2411 269 2452 stolide
298 2423 452 2455 caecus,
486 2409 559 2463 qui
591 2414 811 2461 arqentum
842 2422 911 2447 aes
939 2421 1095 2446 aurum
1119 2420 1297 2459 yypsum
1325 2404 1424 2445 ebur
1451 2404 1657 2457 argillam

121 2480 296 2521 deorum
325 2479 368 2518 in
401 2492 623 2518 numerum
656 2476 811 2530 referat
844 2476 1018 2529 ipsaque
1044 2488 1122 2528 per
1156 2488 1198 2514 se
1233 2473 1348 2513 (licat
1387 2473 1471 2512 uim
1508 2472 1657 2513 habere

122 2555 243 2603 utque
266 2547 445 2588 obtinere
467 2546 673 2586 sliui‘nam.

208 2632 246 2672 p.
269 2618 323 2657 46
354 2616 377 2657 l.
402 2617 454 2655 12
485 2624 714 2654 HASTARIO
746 2613 852 2653 lexx.
875 2611 958 2652 cite
981 2611 1080 2666 only
1109 2611 1221 2652 Tert.
1246 2610 1283 2652 h.
1308 2611 1330 2651 l.
1353 2610 1437 2651 and
1459 2610 1511 2650 ad
1535 2618 1620 2652 nat.
1640 2622 1654 2651 Ι
1674 2631 1717 2662 35

126 2689 178 2727 10
201 2702 239 2741 p.
263 2686 315 2726 76
345 2685 369 2726 l.
395 2687 447 2725 18
479 2683 600 2724 Wiss.
629 2683 701 2724 secl
734 2682 876 2736 aliquo
908 2681 1063 2722 solacio
1090 2680 1364 2734 priuatorum
1394 2685 1431 2720 et
1461 2678 1654 2721 domesti-

123 2771 268 2798 corum
324 2754 494 2795 deorum
552 2751 762 2807 querellae
818 2751 1032 2797 iueutntur,
1090 2749 1197 2803 quod
1252 2748 1441 2803 publicos
1489 2750 1656 2803 turpius

124 2824 535 2877 contumeliosiusque
568 2821 764 2862 tractetis.
839 2820 928 2860 iam
968 2819 1171 2873 primum,
1203 2832 1302 2872 quos
1336 2817 1381 2858 in
1418 2817 1655 2858 hastarium
