1827 3004
117 79 193 118 116
682 76 1079 117 TERTVLLIANI

112 192 186 232 sed
211 192 266 232 ad
291 191 471 232 eandem
496 205 643 231 curam
668 191 907 231 modestiae
931 196 975 231 et
998 191 1245 245 pudicitiae,
1272 196 1323 231 ut
1347 191 1420 245 qui
1445 205 1532 231 non
1556 196 1648 231 tam

112 280 289 306 coenam
320 265 597 306 coenauerint
628 279 759 318 quam
790 264 1074 318 disciplinam.
1134 265 1255 305 Haec
1285 265 1413 305 coitio
1445 264 1646 305 Christia-

110 353 264 379 norum
293 338 446 379 merito
475 352 578 378 sane
604 337 782 387 inlicita,
813 337 847 378 si
875 337 1049 378 inlicitis
1077 352 1168 392 par,
1199 338 1353 378 merito
1382 337 1645 386 damnanda,

111 413 144 452 si
171 412 265 466 quis
291 412 343 452 de
369 426 418 452 ea
443 412 637 465 queritur
662 425 710 451 eo
736 411 865 452 titulo
892 426 977 466 quo
1003 412 1056 452 de
1081 412 1344 452 factionibus
1370 411 1542 465 querela
1568 416 1645 451 est.

111 486 164 526 In
196 487 315 526 cuius
345 486 576 540 perniciem
608 485 842 539 aliquando
874 486 1181 527 conuenimus2
1243 486 1339 526 Hoc
1369 499 1517 526 sumus
1549 499 1645 535 con-
1666 496 1686 527 5

111 560 273 614 gregati
297 560 412 613 quod
438 565 481 600 et
503 559 694 613 dispersi,
720 559 800 599 hoc
822 559 1011 600 uniuersi
1034 560 1151 614 quod
1174 565 1217 600 et
1239 559 1406 614 singuli,
1431 558 1647 599 neminem

110 634 341 683 laedentes,
394 634 611 674 neminem
664 633 983 674 contristantes.
1045 633 1152 674 Cum
1203 633 1340 688 probi,
1395 647 1493 673 cum
1545 632 1647 673 boni

111 713 279 756 coeunt,
303 721 400 748 cum
419 707 490 761 pii,
513 721 611 747 cum
631 707 739 747 casti
759 712 1086 762 congregantur,
1107 722 1195 747 non
1215 713 1279 748 est
1298 708 1430 748 factio
1450 707 1644 755 dicenda,

110 781 184 821 sed
206 781 335 821 curia.

191 910 264 952 40.
324 911 383 952 At
411 925 432 950 e
461 911 675 951 contrario
703 911 785 951 illis
812 925 970 951 nomen
998 911 1199 952 factionis
1228 911 1647 952 accommodandum
1668 928 1710 950 10

111 990 175 1025 est
192 985 263 1038 qui
280 985 323 1024 in
340 985 488 1025 odium
504 984 717 1025 bonorum
735 990 778 1025 et
793 984 1028 1038 proborum
1045 985 1306 1039 conspirant,
1326 985 1399 1038 qui
1416 985 1647 1026 aduersum

108 1059 360 1113 sanguinem
384 1058 681 1098 innocentium
708 1058 994 1107 conclamant,
1023 1064 1325 1112 praetexentes
1351 1073 1453 1099 sane
1479 1059 1534 1099 ad
1560 1059 1646 1099 odii

109 1133 400 1173 defensionem
431 1132 549 1172 illam
582 1146 755 1186 quoque
786 1133 1042 1181 uanitatem,
1078 1133 1193 1185 quod
1227 1133 1475 1173 existiment
1507 1133 1646 1173 omnis

108 1207 306 1261 publicae
331 1207 475 1256 cladis,
503 1207 642 1247 omnis
666 1207 886 1260 popularis
910 1207 1172 1247 incommodi
1199 1206 1464 1247 Christianos
1488 1222 1577 1247 esse
1602 1208 1645 1247 in

108 1295 295 1322 causam.
357 1281 399 1321 Si
428 1280 591 1321 Tiberis
619 1280 814 1321 ascendit
839 1280 884 1320 in
911 1280 1093 1329 moenia,
1124 1281 1157 1320 si
1186 1280 1309 1320 Nilus
1336 1295 1423 1321 non
1451 1281 1647 1321 ascendit
1666 1293 1705 1325 15

103 1355 147 1395 in
169 1370 285 1403 arua,
310 1355 343 1395 si
366 1354 531 1395 caelum
553 1354 689 1403 stetit,
713 1354 743 1394 si
769 1359 883 1394 terra
904 1354 1055 1403 mouit,
1080 1355 1113 1394 si
1136 1353 1284 1402 fames,
1308 1355 1342 1394 si
1364 1355 1467 1403 lues,
1491 1355 1643 1395 statim

106 1429 370 1470 Christianos
398 1429 453 1469 ad
480 1429 669 1469 leonem!
715 1428 998 1468 adclamatur.
1061 1428 1223 1468 Tantos
1251 1428 1306 1468 ad
1334 1430 1496 1469 unum?
1561 1428 1644 1469 Oro

107 1517 196 1552 uos,
218 1508 319 1543 ante
339 1502 570 1551 Tiberium,
588 1502 632 1542 id
651 1507 715 1542 est
732 1507 833 1542 ante
851 1501 1007 1542 Christi
1025 1502 1276 1550 aduentum,
1296 1507 1487 1556 quantae
1504 1502 1644 1542 clades

107 1578 254 1619 orbem
297 1584 341 1619 et·
381 1579 508 1619 urbes
550 1578 823 1619 ceciderunt?
886 1578 1086 1632 Legimus
1127 1577 1303 1627 Hieran,
1348 1578 1560 1632 Anaphen
1603 1584 1646 1619 et

106 1656 245 1696 Delon
275 1662 318 1696 et
347 1656 534 1696 Rhodon
565 1661 608 1696 et
637 1655 694 1696 Co
723 1656 885 1696 insulas
914 1656 1062 1696 multis
1091 1669 1189 1696 cum
1218 1656 1391 1696 milibus
1420 1656 1645 1697 hominum
1665 1675 1708 1697 20

107 1747 279 1787 pessum
309 1733 460 1774 abisse.
521 1733 733 1773 Memorat
763 1738 806 1773 et
834 1733 960 1773 Plato
989 1732 1195 1772 maiorem
1223 1732 1350 1772 Asiae
1380 1733 1447 1772 uel
1476 1733 1645 1773 Africae

107 1816 266 1850 terram
311 1811 532 1851 Atlantico
577 1811 684 1851 mari
731 1815 937 1864 ereptam.
999 1809 1081 1850 Sed
1127 1815 1170 1849 et
1214 1823 1331 1849 mare
1376 1805 1645 1851 Corinthium

106 1892 243 1927 terrae
279 1893 424 1928 motus
459 1887 606 1936 ebibit,
646 1892 689 1928 et
724 1887 788 1927 uis
824 1886 1040 1927 undarum
1075 1886 1312 1926 Lucaniam
1353 1887 1566 1928 abscisam
1601 1889 1645 1928 in

107 1964 275 2004 Siciliae
309 1979 467 2004 nomen
502 1965 721 2019 relegauit.
782 1964 903 2004 Haec
943 1964 1094 2018 utique
1133 1979 1220 2004 non
1260 1966 1349 2005 sine
1388 1965 1545 2006 iniuria
1583 1966 1644 2006 in-

108 2040 341 2080 colentium
385 2041 577 2081 accidere
621 2045 871 2094 potuerunt.
932 2040 1019 2081 Ubi
1062 2055 1164 2081 uero
1210 2047 1327 2091 tunc,
1374 2056 1461 2082 non
1504 2042 1646 2082 dicam
1666 2059 1707 2090 25

109 2117 287 2158 deorum
313 2123 557 2158 uestrorum
583 2123 903 2172 contemptores
930 2118 1172 2168 Christiani,
1201 2119 1275 2159 sed
1299 2119 1380 2172 ipsi
1406 2119 1473 2159 dei
1499 2120 1644 2168 uestri,

110 2209 207 2235 cum
232 2200 377 2235 totum
403 2195 550 2236 orbem
576 2196 866 2249 cataclysmus
891 2195 1094 2244 aboleuit,
1121 2196 1202 2245 uel,
1230 2201 1281 2236 ut
1305 2196 1430 2236 Plato
1456 2197 1644 2250 putauit,

111 2277 349 2325 campestre
389 2273 687 2313 solummodo?
750 2272 1011 2312 Posteriores
1052 2273 1165 2312 enim
1203 2273 1297 2313 illos
1337 2273 1457 2313 clade
1496 2273 1647 2314 diluuii

113 2353 416 2388 contestantur
439 2349 558 2401 ipsae
583 2348 709 2388 urbes
733 2349 774 2388 in
804 2348 960 2402 quibus
984 2349 1077 2389 nati
1102 2333 1357 2403 mortuique
1373 2355 1487 2398 sunt,
1515 2350 1646 2390 etiam

115 2438 222 2477 quas
249 2423 556 2473 condiderunt,
599 2438 739 2478 neque
766 2425 879 2465 enim
905 2425 1010 2465 alias
1036 2425 1290 2465 hodiernum
1316 2432 1541 2466 manerent
1566 2427 1647 2467 nisi
1665 2444 1710 2475 30

115 2506 158 2540 et
174 2501 292 2554 ipsae
310 2501 568 2554 posthumae
587 2501 719 2541 cladis
736 2501 860 2542 illius.
921 2502 1126 2542 Nondum
1145 2502 1357 2542 Iudaeum
1374 2502 1428 2542 ab
1447 2503 1647 2557 Aegypto

115 2591 295 2617 examen
323 2578 568 2618 Palaestina
596 2583 844 2632 susceperat
870 2593 948 2618 nec
974 2579 1061 2619 iam
1092 2579 1176 2619 illic
1207 2579 1474 2620 Christianae
1505 2585 1647 2636 sectae

114 2654 229 2708 origo
252 2655 515 2705 consederat,
539 2670 637 2696 cum
658 2657 850 2710 regiones
870 2657 1033 2697 adfines
1055 2657 1144 2698 eius
1165 2657 1352 2698 Sodoma
1374 2662 1417 2698 et
1438 2656 1646 2698 Gomorra

111 2729 260 2783 igneus
295 2730 432 2771 imber
467 2732 641 2772 exussit.
704 2732 802 2773 Olet
836 2733 979 2773 adhuc
1012 2733 1210 2774 incendio
1246 2738 1373 2783 terra,
1412 2738 1456 2773 et
1489 2733 1524 2773 si
1560 2747 1646 2787 qua
