1827 3004
128 64 203 101 136
690 61 1088 102 TERTVLLIANI

124 171 310 220 muliere,
339 177 382 212 et
404 172 448 212 in
473 186 567 212 eam
593 172 838 225 opinionem
863 172 1007 211 omnia
1032 177 1288 226 argumenta
1313 172 1470 226 eloquii
1493 173 1658 213 uirtute

122 259 374 309 distorserit,
398 275 540 300 nonne
563 274 818 301 consensum
840 260 1035 300 mouebit
1059 266 1102 300 et
1123 260 1254 301 fidem
1275 260 1425 315 infiget
1448 260 1579 301 etiam
1601 261 1656 301 ab

120 348 378 388 animalibus
424 348 671 388 abstinendi
717 349 972 402 propterea?
1034 348 1293 388 Persuasum
1341 349 1436 402 quis
1482 348 1655 398 habeat,

121 448 174 473 ne
208 433 317 474 sorte
350 432 559 473 bubulam
593 433 646 473 de
678 432 823 486 aliquo
857 446 1020 486 proauo
1054 447 1131 473 suo
1165 432 1374 474 obsonet?
1451 433 1511 475 At
1544 434 1658 474 enim

122 519 388 559 Christianus
419 518 452 559 si
484 518 536 558 de
567 518 739 558 homine
770 518 989 558 hominem
1018 518 1249 572 ipsumque
1279 519 1332 559 de
1363 519 1470 560 Gaio
1501 519 1657 560 Gaium
1680 539 1699 569 5

121 604 320 644 reducem
354 603 644 658 repromittat,
680 603 898 657 lapidibus
931 603 1079 658 magis,
1115 618 1194 644 nec
1227 604 1372 645 saltim
1406 604 1600 645 coetibus
1634 619 1659 645 a

121 689 280 743 populo
333 690 539 743 exigetur.
600 688 643 730 Si
695 703 980 743 quaecunque
1031 689 1142 730 ratio
1193 696 1364 744 praeest
1415 691 1659 731 animarum

122 774 410 814 humanarum
441 773 846 827 reciprocandarum
876 774 921 814 in
953 787 1145 828 corpora,
1180 788 1254 814 cur
1284 789 1372 815 non
1401 775 1446 815 in
1479 775 1659 816 eandem

122 859 413 900 substantiam
435 859 627 908 redeant,
651 873 749 899 cum
771 859 851 900 hoc
872 860 929 900 sit
953 860 1137 909 restitui,
1159 860 1204 901 id
1231 874 1318 901 6336
1345 861 1462 915 quod
1486 861 1655 902 fuerat?

121 945 216 986 Iam
237 959 324 985 non
343 945 462 999 ipsae
481 950 585 985 sunt
605 959 715 999 quae
736 945 921 995 fuerant,
945 946 1046 999 quia
1067 960 1154 986 non
1174 951 1413 1000 potuerunt
1433 961 1522 988 esse
1543 948 1660 1002 quod
1684 964 1726 986 10

121 1045 208 1071 non
225 1036 360 1079 erant,
378 1030 459 1071 nisi
476 1030 678 1071 desinant
692 1044 781 1071 esse
795 1030 912 1085 quod
928 1030 1114 1072 fuerant.
1175 1031 1324 1072 Multis
1341 1033 1472 1073 etiam
1488 1033 1592 1074 locis
1608 1047 1660 1074 ex

122 1116 210 1156 otio
233 1129 341 1170 opus
363 1116 454 1165 erit,
473 1115 508 1156 si
528 1115 711 1156 uelimus
727 1116 783 1156 ad
805 1116 916 1156 hanc
937 1121 1107 1170 partem
1128 1116 1336 1166 lasciuire,
1356 1117 1451 1172 quis
1467 1118 1511 1158 in
1528 1133 1660 1173 quam

122 1201 306 1242 bestiam
332 1201 554 1241 reformari
580 1201 813 1242 uideretur.
874 1201 957 1242 Sed
984 1201 1036 1242 de
1062 1207 1210 1242 nostra
1236 1203 1373 1257 magis
1399 1203 1658 1253 defensione,

122 1288 197 1342 qui
217 1287 497 1341 proponimus
518 1287 656 1328 multo
677 1287 829 1342 utique
849 1287 1019 1342 dignius
1041 1288 1154 1328 credi
1176 1288 1395 1329 hominem
1416 1303 1468 1330 ex
1489 1290 1662 1331 homine

121 1373 374 1422 rediturum,
409 1373 647 1427 quemlibet
677 1387 753 1427 pro
786 1373 992 1427 quolibet,
1027 1373 1132 1413 dum
1164 1374 1395 1424 hominem,
1429 1380 1480 1415 ut
1511 1375 1661 1416 eadem
1684 1388 1726 1419 15

123 1458 310 1512 qualitas
334 1458 504 1499 animae
526 1458 566 1498 in
595 1458 776 1499 eandem
799 1463 1116 1499 restauraretur
1139 1459 1445 1509 conditionem,
1473 1461 1552 1501 etsi
1575 1475 1662 1501 non

122 1543 316 1598 effigiem.
377 1544 501 1585 Certe
534 1544 636 1598 quia
668 1543 780 1584 ratio
814 1544 1101 1584 restitutionis
1135 1544 1369 1585 destinatio
1402 1545 1548 1586 iudicii
1582 1550 1660 1595 est,

123 1630 360 1670 necessario
377 1629 492 1670 idem
509 1630 600 1684 ipse
619 1629 692 1683 qui
710 1629 853 1670 fuerat
871 1628 1157 1678 exhibebitur,
1178 1634 1229 1670 ut
1246 1629 1348 1670 boni
1365 1644 1441 1671 seu
1459 1631 1662 1671 contrarii

123 1715 265 1756 meriti
292 1715 499 1755 iudicium
530 1729 554 1755 a
584 1714 664 1755 deo
694 1714 865 1755 referat.
925 1713 1118 1768 Ideoque
1146 1714 1589 1768 repraesentabuntur
1619 1720 1663 1756 et

125 1815 316 1854 corpora,
331 1801 431 1855 quia
445 1814 587 1855 neque
601 1800 693 1854 pati
707 1801 941 1855 quicquam
956 1805 1101 1854 potest
1115 1800 1259 1841 anima
1273 1801 1363 1841 sola
1377 1801 1467 1841 sine
1480 1802 1662 1842 materia
1682 1815 1727 1836 20

124 1886 282 1936 stabili,
307 1886 351 1927 id
374 1892 440 1927 est
464 1901 602 1936 carne,
629 1892 673 1927 et
696 1886 813 1940 quod
837 1887 1012 1927 omnino
1037 1886 1089 1926 de
1112 1886 1270 1927 iudicio
1294 1887 1362 1927 dei
1386 1887 1479 1941 pati
1502 1887 1664 1928 debent

125 1972 306 2021 animae,
336 1986 423 2012 non
449 1971 539 2012 sine
566 1985 692 2012 carne
719 1977 970 2012 meruerunt
995 1971 1110 2011 intra
1138 1986 1270 2025 quam
1297 1972 1442 2012 onmia
1470 1977 1662 2026 egerunt.

126 2056 209 2097 Sed
232 2057 463 2111 quomodo,
487 2057 643 2111 inquis,
669 2057 878 2098 dissoluta
902 2057 1084 2097 materia
1108 2057 1299 2097 exhiberi
1322 2059 1493 2111 potest?
1557 2057 1663 2098 Con-

126 2142 265 2183 sidera
296 2142 589 2196 temetipsum,
624 2157 648 2183 o
682 2143 824 2191 homo,
860 2147 903 2183 et
934 2142 1065 2183 fidem
1097 2143 1156 2183 rei
1188 2143 1393 2183 inuenies.
1454 2143 1664 2197 Recogita

128 2228 231 2281 quid
260 2227 389 2268 fueris
419 2233 655 2282 antequam
686 2242 808 2268 esses.
870 2228 1033 2282 Utique
1062 2228 1180 2268 nihil.
1242 2228 1506 2269 Meminisses
1536 2229 1662 2277 enim,
1685 2242 1728 2273 25

127 2313 161 2353 si
193 2313 297 2367 quid
328 2313 491 2353 fuisses.
554 2313 635 2362 Qui
668 2327 765 2367 ergo
798 2313 903 2353 nihil
934 2313 1077 2353 fueras
1108 2313 1361 2367 priusquam
1394 2327 1516 2362 esses,
1550 2313 1665 2354 idem

127 2398 232 2438 nihil
265 2397 407 2438 factus
440 2412 537 2438 cum
572 2412 661 2438 esse
694 2398 879 2447 desieris,
916 2411 991 2438 cur
1023 2412 1110 2439 non
1142 2398 1279 2452 possis
1311 2412 1457 2438 rursus
1491 2412 1580 2438 esse
1613 2398 1666 2438 de

128 2483 260 2523 nihilo
291 2483 480 2523 eiusdem
509 2483 643 2537 ipsius
672 2484 861 2524 auctoris
890 2483 1119 2524 uoluntate
1149 2484 1223 2537 qui
1253 2489 1295 2524 te
1325 2484 1465 2524 uoluit
1495 2497 1584 2524 esse
1613 2483 1666 2523 de

128 2568 287 2608 nihilo?
351 2567 464 2616 Quid
482 2569 585 2608 noui
605 2568 685 2609 tibi
706 2569 901 2609 eueniet?
966 2552 1154 2617 Quinon
1173 2571 1279 2618 eras,
1302 2568 1444 2609 factus
1464 2582 1528 2617 es3
1567 2582 1665 2608 cum

146 2658 287 2693 terum
314 2667 401 2693 non
428 2653 519 2701 eris,
548 2653 636 2693 fies.
697 2653 848 2694 Redde
875 2654 909 2694 si
936 2659 1059 2707 potes
1086 2654 1299 2694 rationem
1327 2668 1412 2707 qua
1439 2653 1582 2693 factus
1609 2667 1664 2701 es,
1687 2665 1733 2695 30
