1827 3004
179 83 261 122 434
739 80 1139 123 TERTVLLIANI
1388 83 1447 136 [p.
1478 81 1603 122 1281.
1631 84 1706 123 7·—

176 196 388 250 respicere,
417 200 491 235 aut
522 194 687 235 nullam
718 209 800 235 esse
831 194 1008 242 omnino,
1042 209 1148 248 quae
1175 201 1293 249 reyat
1323 195 1539 244 mundum,
1562 195 1706 249 proui-

175 264 358 305 dentiam
376 264 613 304 disserunt?
657 261 739 303 See
754 263 829 303 bhe
844 263 1081 318 fragments
1095 264 1159 313 (in
1176 263 1392 316 Lachanb.)
1409 265 1456 304 of
1465 263 1628 304 Seneca
1641 263 1706 304 De

175 331 505 388 Superstitione.
559 332 586 385 [⁶
602 330 810 372 Laetam-‚ff
828 331 864 371 is
880 331 1089 387 probably
1105 347 1159 372 an
1177 347 1291 372 error
1312 333 1375 372 for
1396 337 1404 352 ‘
1418 331 1707 387 Augustines]

259 417 297 456 p.
322 403 404 441 128
436 401 477 441 ll.
501 402 612 441 8-9
637 411 960 441 LAVDANTIBVS
993 412 1542 442 voBrS...svsT1NENTIBVS
1574 411 1706 441 VOBIS

132 483 151 514 5
174 470 410 511 VVoodham
453 484 671 525 compares
707 484 738 510 e.
778 472 830 510 15
865 470 976 524 luyet
1007 471 1080 511 Sol
1101 471 1249 525 fllium
1279 472 1483 512 iactatum
1514 470 1564 511 de
1595 471 1707 511 caelo

173 539 424 580 laetantibus
458 539 570 580 uobis
600 545 637 580 et
671 539 816 593 Cybele
843 545 1059 594 pastorem
1089 541 1280 595 suspirat
1302 540 1595 596 fastidiosum,
1626 555 1706 581 non

172 607 496 650 erubescentibus
529 607 655 648 uobis.

258 693 296 734 p.
324 680 404 719 128
427 678 451 718 l.
471 679 495 718 9
519 680 828 729 (OB)LATRANT
849 678 970 719 Suet.
994 679 1119 734 Vesp.
1146 681 1197 720 13
1219 679 1480 721 Demetrium
1505 679 1706 733 Cynicum

170 749 215 788 in
251 748 400 789 itinere
441 747 607 788 obuium
648 746 728 788 sibi
763 753 857 802 post
888 747 1201 789 damnationem
1242 763 1291 790 ae
1331 763 1458 803 neque
1489 762 1707 802 assuryere

107 831 150 854 10
172 832 298 872 neque
338 817 527 858 salutare
567 831 608 858 se
637 817 893 871 diyiianteni,
929 817 1205 859 oblatrantem
1246 819 1374 859 etiam
1415 818 1549 859 nescio
1591 817 1705 873 quid,

169 887 274 927 satis
304 885 450 927 habuit
483 900 626 926 canem
657 900 817 927 uocare.
880 885 1077 927 Vincenb.
1111 885 1245 927 Lirin.
1279 885 1500 928 Common.
1529 888 1580 926 13
1609 886 1708 927 haee

171 970 267 1009 eryo
290 955 524 1003 Nestorius,
546 955 831 1010 Apollinaris,
853 955 1062 996 Photinus
1083 955 1288 996 aduersus
1309 955 1561 996 catholicam
1574 954 1709 1008 fidem

170 1023 314 1064 rabidi
351 1038 471 1064 canes
508 1022 677 1063 latrant.
742 1022 907 1063 Paulin.
945 1022 1041 1063 Nol.
1085 1038 1148 1078 ep.
1193 1025 1243 1063 21
1289 1024 1315 1062 4
1352 1023 1495 1063 omnia
1536 1022 1707 1071 diaboli,

173 1107 276 1148 quae
318 1093 363 1133 in
403 1092 626 1133 haereticis
667 1092 841 1140 latrant,
876 1106 951 1132 ora
986 1091 1254 1132 clauduntur.
1328 1091 1476 1146 Migne
1513 1102 1575 1131 LII
1609 1093 1709 1131 542ο

109 1173 150 1204 15
172 1163 319 1216 linqua
346 1162 549 1216 pietatem
572 1161 715 1202 latrat.
779 1160 966 1201 Boissier
992 1160 1286 1216 L'opposition
1315 1175 1413 1200 sous
1442 1160 1502 1200 les
1530 1159 1692 1201 Cesars.

257 1246 295 1287 p.
328 1233 409 1271 128
441 1230 465 1271 1.
498 1232 550 1271 10
583 1242 766 1271 STATVIS
806 1231 932 1271 Mart.
966 1241 1014 1270 IX
1048 1231 1116 1271 47.
1176 1229 1350 1270 Lucian.
1384 1229 1554 1284 Nigrin.
1588 1231 1623 1269 2.
1656 1230 1706 1269 cf.

172 1300 331 1342 Arnob.
360 1312 375 1340 1
407 1302 459 1342 64
492 1315 531 1355 p.
567 1301 622 1340 44
656 1302 709 1340 20
731 1315 789 1355 sq.
823 1315 908 1355 esp.
941 1301 994 1339 45
1030 1299 1053 1340 1.
1094 1302 1114 1339 1
1151 1301 1187 1339 2.
1249 1299 1344 1339 qu.
1381 1300 1404 1338 2
1439 1298 1549 1338 4-7
1578 1298 1709 1352 plena

172 1371 313 1412 omnia
340 1386 470 1425 yypso
502 1369 732 1424 Chrysippi
758 1369 982 1419 inuenias‚·
1015 1383 1115 1409 nam
1141 1368 1477 1423 perfectissimus
1508 1367 1708 1415 horumst‚

171 1441 209 1481 si
240 1441 332 1495 quis
364 1439 635 1480 Aristotelem
666 1438 849 1480 similem
882 1439 946 1479 uel
978 1438 1177 1479 Pittacon
1208 1438 1317 1486 emit,
1346 1443 1384 1478 et
1424 1436 1534 1477 iubet
1567 1436 1708 1477 arche-

109 1525 154 1549 20
173 1516 291 1565 typos
330 1509 523 1564 pluteum
567 1522 740 1549 seruare
785 1507 1017 1549 Cleanthas.
1080 1507 1361 1548 Friedlander
1397 1511 1465 1547 1115
1503 1508 1583 1547 193
1626 1505 1707 1546 227

175 1581 269 1619 228.
330 1579 386 1618 M.
409 1577 613 1618 Aurelius
641 1576 849 1632 procured
881 1582 1047 1617 statues
1076 1576 1121 1616 in
1143 1576 1415 1617 honour...of
1440 1575 1505 1616 his
1537 1575 1711 1616 teacher

173 1649 327 1690 Iunius
379 1648 583 1689 Rusticus
639 1648 750 1688 after
801 1646 867 1687 his
917 1647 1048 1688 death
1100 1647 1208 1687 from
1260 1646 1334 1687 the
1386 1651 1533 1687 senate
1585 1645 1710 1697 (Vita

172 1719 229 1760 M.
263 1717 475 1759 Antonini
507 1718 564 1769 3).

259 1798 466 1829 SALARHS
498 1786 579 1827 Iul.
615 1785 846 1841 Capitolin.
879 1786 1038 1826 Annon.
1073 1785 1175 1826 Pius
1210 1787 1259 1825 11
1294 1784 1312 1840 ᾗ
1344 1787 1369 1826 3
1408 1784 1640 1826 rhetoribus
1671 1788 1709 1825 et

109 1874 152 1907 25
166 1857 432 1914 philosophis
466 1871 546 1911 per
579 1870 716 1897 omnes
742 1855 992 1910 prouincias
1024 1860 1061 1896 et
1091 1854 1263 1896 honores
1293 1860 1330 1895 et
1358 1855 1527 1895 salaria
1549 1854 1708 1895 detulit.

172 1928 284 1983 Aug.
298 1926 364 1967 De
382 1925 476 1967 Ciu.
495 1924 578 1965 Dei
593 1936 608 1964 1
631 1926 656 1965 3
674 1939 711 1980 p.
731 1926 755 1966 6
774 1924 797 1965 1.
822 1926 875 1964 24
892 1924 946 1964 D3
962 1940 983 1965 o
1002 1924 1181 1964 nimium
1198 1923 1478 1964 miserabilem
1499 1923 1708 1965 errorem!

172 2003 210 2039 et
240 1996 354 2038 nobis
384 1999 627 2043 suscensent,
649 2008 743 2035 cum
776 1993 826 2034 de
847 1993 915 2034 dis
936 2008 1079 2034 eorum
1100 1992 1207 2033 talia
1230 1991 1421 2040 dicimus,
1444 2006 1515 2033 nec
1545 2007 1706 2034 suscen-

172 2072 260 2108 sent
301 2063 539 2106 auctoribus
579 2063 678 2108 suis,
717 2077 819 2116 quos
859 2067 904 2103 ut
944 2061 1181 2110 ediscerent,
1224 2061 1452 2102 mercedem
1495 2060 1707 2110 dederunt,

174 2135 435 2188 doctoresque
462 2132 575 2186 ipsos
606 2132 779 2186 insuper
808 2137 844 2172 et
874 2130 1037 2171 salario
1052 2130 1221 2184 publico
1244 2136 1281 2171 et
1301 2129 1524 2171 honoribus
1545 2130 1705 2184 diynis-

109 2223 154 2254 30
172 2204 300 2245 simos
321 2201 562 2243 habuerunt.

260 2280 642 2313 REMVNERANTVR
664 2283 696 2309 c,
720 2270 772 2309 25
796 2283 834 2323 p.
859 2269 913 2309 90
936 2267 958 2308 l.
984 2266 1035 2308 17
1051 2282 1090 2307 n.

260 2352 322 2381 AD
359 2349 540 2380 BESTIAS
577 2337 631 2378 ad
666 2336 786 2392 Scap.
822 2337 886 2377 3f.
914 2335 1284 2377 eum...Mauilum
1319 2335 1377 2376 ad
1405 2335 1554 2377 bestias
1586 2336 1705 2378 dam-

174 2425 328 2452 nasses.
383 2408 437 2449 ad
454 2413 541 2448 nat.
566 2418 580 2447 Ι
604 2408 629 2447 3
651 2421 690 2461 p.
714 2408 768 2447 62
791 2406 814 2447 1.
839 2408 862 2447 6
887 2405 1010 2446 Wiss.
1036 2411 1078 2446 ut
1094 2405 1156 2446 ita
1173 2405 1528 2459 pronuntiaretur
1548 2406 1593 2446 in
1617 2421 1706 2448 nos:

173 2481 299 2522 illu-m
319 2475 703 2524 homicidam‚...ad
725 2475 875 2516 bestias
896 2475 997 2516 dari
1016 2475 1166 2529 placet.
1226 2473 1281 2515 ib.
1303 2474 1372 2514 fin.
1399 2480 1436 2516 et
1465 2475 1606 2529 utique
1626 2490 1707 2516 non.

109 2566 153 2597 35
173 2549 318 2604 yladio
350 2552 423 2588 aut
458 2560 577 2587 cruce
605 2550 680 2585 aut
708 2543 845 2584 bestiis
866 2543 1088 2598 punienda
1109 2548 1205 2584 sunt
1222 2542 1405 2584 nomina.
1467 2542 1706 2598 Septimius

174 2618 361 2659 Seuerus
393 2614 518 2668 (Vita
549 2613 591 2655 S.
619 2613 660 2654 S.
694 2615 758 2655 18.
819 2612 923 2653 Vina
959 2612 1095 2653 Getae
1126 2612 1170 2664 2)
1200 2612 1401 2652 favoured
1433 2612 1706 2668 philosophy3

173 2703 218 2728 so
246 2686 312 2727 his
334 2684 429 2725 wife
461 2682 575 2723 Iulia
606 2681 775 2722 Douma
803 2681 907 2733 (Dio
934 2692 1061 2721 LXXV
1086 2684 1149 2722 15.
1211 2679 1408 2723 Philostr.
1431 2681 1558 2736 Soph.
1583 2693 1617 2722 ΙΙ
1639 2684 1704 2723 30.

176 2755 278 2796 Vita
299 2751 515 2808 Apollonii
537 2751 711 2791 written
731 2755 777 2791 ab
799 2750 876 2791 her
896 2749 1106 2805 bidding).
