1827 3004
54 156 56 158 ,
82 128 124 168 p.
150 115 248 156 741.
280 114 346 166 17]
586 113 1021 156 APOLOGETICVS
1055 117 1105 154 21
1534 115 1613 155 307

84 226 243 268 Muller
265 227 557 269 Orchomenus
580 228 819 268 250—260.
880 226 1083 268 Wieseler
1104 226 1192 268 Das
1221 226 1379 268 Orakel
1407 226 1482 267 des
1515 227 1615 267 Tro-

84 295 270 350 phonius
294 298 414 336 1848.

173 379 210 419 p.
236 367 288 405 74
317 364 340 404 l.
366 366 417 405 16
450 374 812 405 INITIATIONIBVS
840 378 871 404 c.
903 365 924 404 7
955 379 993 419 p.
1026 366 1077 405 26
1105 365 1128 404 l.
1156 366 1192 404 8.
1250 363 1318 405 Ls
1352 363 1458 405 cites
1497 366 1516 403 1
1554 378 1615 404 ex.

85 432 264 474 Sueton.
299 432 382 473 add
411 433 450 474 h.
482 433 504 473 l.
538 432 649 473 Adu.
681 432 808 473 Marc.
841 444 889 472 1Υ
921 435 975 474 33
1007 448 1044 488 p.
1079 435 1161 474 532
1194 433 1218 474 l.
1252 435 1275 474 6
1307 433 1379 473 Kr.
1433 433 1550 474 Hier.
1573 432 1617 472 in

85 501 218 542 Amos
255 513 307 542 111
336 503 380 555 (9
413 503 456 554 1)
488 502 629 555 (RW.
660 502 765 542 cites
800 501 947 556 Apul.)
979 501 1062 542 add
1092 501 1210 542 Hier.
1238 501 1283 541 in
1319 501 1494 542 Abacuc
1526 512 1540 541 Ι
1573 503 1616 554 (2
1639 514 1656 544 5

88 572 139 609 15
164 571 254 625 sq.).

173 651 495 680 DOMINATORES
530 639 639 680 Adu.
683 639 777 679 Iud.
817 640 840 679 6
865 639 888 679 f.
951 639 1061 679 Adu.
1098 639 1224 679 Marc.
1261 650 1309 679 1Υ
1348 641 1401 680 20
1423 653 1482 694 pr.
1544 638 1619 694 My

86 716 186 749 note
220 724 273 749 on
310 708 395 750 Cic.
430 709 494 749 De
522 709 623 749 sat.
659 709 782 749 Deor.
822 719 856 748 H
891 706 910 764 ξ
943 710 968 748 4
999 709 1057 763 (p.
1091 710 1142 749 69
1168 709 1222 760 f.).
1285 708 1416 763 Many
1452 722 1542 749 exx.
1575 708 1619 748 in

87 777 184 818 Sen.
217 778 300 818 add
334 777 466 819 Cleln.
501 778 683 832 Recogn.
718 789 747 816 Υ
780 778 847 818 8f.
890 789 957 817 ΥΙΙ
987 779 1040 818 28
1067 792 1126 832 pr.
1190 777 1314 818 Prud.
1348 777 1506 832 Apoth.
1537 779 1618 817 448

85 847 170 887 and
193 849 257 887 88.
311 847 426 888 Lacr..
451 858 485 887 ΙΙ
510 849 562 886 14
583 845 602 902 ἓ
620 848 655 887 2.
710 846 897 886 Hermae
922 846 1071 886 Pastor
1095 857 1106 885 1
1132 845 1271 886 Vis.11
1296 847 1319 885 2
1343 852 1421 886 cet.
1474 846 1619 886 Aurel.
1642 861 1683 883 10

92 916 196 956 Vict.
232 915 350 957 Caes.
389 918 440 956 19
473 915 590 967 (Did.
626 915 800 964 Iulian.)
831 914 907 968 §L
960 914 1104 955 Sedul.
1138 925 1168 952 Υ
1201 916 1293 955 209.
1347 914 1421 955 Sil.
1446 926 1496 954 XI
1526 916 1619 954 151.

85 984 211 1040 Greg.
235 985 331 1025 Tur.
355 984 466 1025 Glor.
490 985 614 1024 Mart.
633 998 815 1039 prooem.
835 983 1020 1024 Bonifat.
1035 999 1073 1038 p.
1094 985 1187 1023 225.
1231 981 1448 1024 Chromat.
1464 982 1620 1024 Contio

88 1066 101 1094 1
126 1055 149 1094 f.
173 1062 221 1102 (Υ
245 1056 345 1094 989e
368 1053 476 1094 Bibl.
499 1069 608 1094 max.
633 1054 765 1105 Patr.)
787 1053 828 1107 [Ι
856 1053 963 1093 have
986 1067 1114 1093 seven
1137 1067 1227 1093 exx.
1252 1053 1358 1093 from
1381 1053 1491 1107 Aug.
1516 1052 1619 1093 with

87 1123 199 1164 ‘cen'
240 1122 388 1163 added.
428 1122 558 1175 A.S.].
630 1121 692 1163 Cf.
733 1122 857 1177 Verg.
895 1121 1000 1162 Aen.
1044 1133 1058 1161 1
1103 1124 1184 1161 282
1226 1121 1442 1162 Romanos
1478 1136 1619 1162 rerum

87 1193 287 1233 dominos.
1642 1204 1655 1225 1
1665 1203 1682 1234 5

174 1276 212 1316 p.
232 1264 285 1301 74
304 1261 326 1300 l.
347 1260 394 1300 17
411 1275 440 1300 c.
460 1262 512 1300 25
531 1275 568 1315 p.
585 1262 637 1300 88
654 1260 677 1300 l.
694 1262 748 1300 534
763 1260 830 1310 (cf.
846 1259 869 1299 l.
887 1261 960 1312 21)
977 1259 1042 1299 De
1062 1258 1243 1299 Praescr.
1261 1259 1435 1300 Haeret.
1451 1261 1506 1300 40
1523 1274 1619 1300 a.1n.

85 1332 141 1383 (11
160 1333 213 1372 38
238 1330 414 1381 Oehler)
437 1336 613 1371 ceterum
635 1330 672 1370 si
689 1329 858 1370 Numae
876 1329 1086 1382 Pompilii
1101 1329 1412 1383 superstitiones
1432 1329 1620 1370 reuolua-

87 1415 190 1447 mus,
206 1400 243 1440 si
263 1399 543 1440 sacerdotalia
567 1399 698 1453 officia
724 1404 761 1439 et
777 1398 965 1451 insiynia
987 1403 1024 1439 et
1045 1398 1282 1452 privileyicz,
1299 1398 1337 1438 si
1357 1398 1618 1452 sacrificalia

86 1470 323 1510 ‘ministeria
358 1475 394 1510 et
425 1470 700 1510 instrumenta
735 1473 771 1509 et
806 1483 906 1508 uasa
940 1468 1035 1522 ipsa
1065 1468 1373 1521 sacrificiorum
1399 1482 1448 1508 ac
1469 1468 1620 1522 piacu-

92 1538 225 1578 lorum
266 1543 302 1578 et
339 1543 530 1578 notorum
566 1537 827 1577 curiositates
871 1535 1186 1584 consideremus,
1228 1550 1357 1577 nonne
1399 1535 1621 1590 manifeste
1641 1549 1684 1571 20

93 1607 286 1647 diabolus
310 1606 589 1646 morositatem
609 1605 732 1645 illam
756 1605 961 1646 Iudaicae
983 1606 1084 1659 lefsis
1105 1605 1296 1646 imitatus
1317 1606 1405 1646 est?
1462 1605 1619 1646 Arnob.

90 1688 124 1716 11
152 1678 200 1715 12
225 1676 353 1721 (after
375 1674 584 1729 speaking
605 1674 651 1714 of
667 1674 740 1714 the
764 1674 915 1728 spread
937 1675 984 1715 of
1000 1674 1073 1715 the
1096 1674 1262 1729 gospcl)
1284 1674 1424 1729 ipsam
1446 1673 1622 1728 denique

91 1745 206 1799 apud
227 1744 396 1785 (lomina
407 1759 443 1783 m
465 1743 660 1791 Romam,
677 1743 719 1783 in
743 1758 826 1797 qua.
849 1758 939 1784 cum
962 1743 1146 1784 homines
1167 1749 1297 1784 essent
1318 1743 1487 1784 Numae
1510 1743 1621 1797 reyis

88 1815 250 1855 artibus
279 1820 399 1868 atque
431 1814 614 1868 weti'qnis
644 1813 1006 1867 superstitionibus
1039 1814 1238 1868 occupati,
1263 1829 1338 1854 non
1369 1813 1622 1854 distulerunt

91 1889 224 1924 tamen
261 1898 324 1923 res
352 1883 520 1936 patrias
551 1882 783 1936 relinquere
813 1887 850 1923 et
884 1882 1056 1923 ueritati
1085 1882 1312 1922 coalescere
1349 1881 1619 1923 Christianae
1642 1897 1683 1927 25

88 1953 156 2003 (cf.
182 1952 454 1992 Ehnenhorst
477 1951 529 1991 ad
552 1952 656 2003 loc).
709 1962 775 1990 Υ11
807 1953 858 1992 26
889 1951 1158 2005 reliyz‘omfbus
1180 1951 1339 2005 artifea:
1358 1951 1400 1991 in
1431 1952 1621 1992 commis·

91 2021 228 2063 cenclae's
256 2021 412 2061 Numa.
466 2032 512 2060 1Υ
541 2022 591 2061 31
618 2020 684 2072 (cf.
709 2019 795 2061 Cic.
819 2020 904 2059 har.
935 2034 1041 2074 resp.
1071 2017 1089 2074 ἓ
1112 2021 1177 2067 23,
1198 2034 1223 2059 a
1251 2019 1427 2074 graphio
1454 2019 1621 2074 picture

89 2091 136 2130 of
158 2090 230 2130 the
258 2089 422 2144 painful
450 2089 709 2144 preciseness
739 2089 784 2128 of
810 2088 975 2128 Roman
1001 2088 1130 2128 ritual
1153 2088 1389 2142 (simpuuia
1413 2087 1622 2128 indicates

92 2158 286 2210 Numa».
348 2158 463 2198 Lact.
487 2157 585 2197 Diu.
610 2157 737 2197 Instt.
768 2168 781 2196 1
811 2158 862 2196 22
891 2155 909 2211 ξ
937 2158 960 2197 9
994 2156 1235 2210 Pmnpibius
1261 2155 1378 2209 apud
1413 2156 1623 2196 Romanos

88 2229 305 2269 institutor
336 2228 573 2281 ineptarum
602 2227 854 2280 relissionum
874 2226 979 2279 suit.
1042 2224 1127 2267 Cic.
1161 2225 1226 2265 De
1253 2225 1434 2280 Republ.
1464 2237 1495 2265 11
1523 2224 1542 2279 ξ
1569 2226 1620 2266 27
1643 2238 1686 2267 30

89 2311 307 2338 sacrorum
334 2296 522 2350 ipsorum
554 2295 821 2349 diligjentiam
847 2295 1070 2349 difficilem,
1094 2301 1354 2349 apparatum
1372 2295 1619 2349 perfacilem

91 2380 174 2407 esse
209 2365 347 2405 uoluit.
411 2380 507 2404 nam
538 2380 643 2419 quae
671 2364 946 2418 perdiscenda
991 2379 1173 2418 quaeque
1204 2363 1462 2404 obseruanda
1495 2368 1624 2404 essent

92 2434 223 2473 multa
268 2433 488 2479 constituit,
515 2433 586 2474 sed
616 2448 664 2473 eas
695 2434 783 2474 sine
814 2434 1013 2487 impensa.
1086 2432 1177 2472 Liu.
1213 2444 1225 2472 1
1260 2434 1310 2472 21
1344 2431 1363 2487 ξ
1397 2435 1416 2472 1
1451 2432 1618 2473 deornm

91 2502 271 2543 adsidua
316 2502 501 2542 insidens
542 2517 656 2549 cura,
691 2518 782 2543 cum
823 2502 1016 2543 interesse
1057 2501 1176 2542 rebus
1216 2501 1414 2541 Immanis
1454 2501 1622 2542 caeleste

94 2586 239 2611 numen
282 2569 503 2617 uideretur,
535 2586 580 2610 ea
615 2570 772 2624 pietate
803 2570 988 2611 omnium
1015 2576 1183 2623 pectora
1216 2569 1433 2610 imbuerat.
1511 2569 1620 2610 Plut.
1642 2580 1684 2610 35

94 2638 244 2680 Coi-iol.
270 2640 332 2677 25.
370 2637 709 2678 Prcller-Jordan
732 2638 815 2678 ind.
843 2653 915 2679 su.
939 2638 1085 2678 Numa
1107 2639 1201 2692 (eg.
1233 2637 1330 2678 ‘the
1362 2637 1619 2692 apocrypha]

93 2707 224 2747 books
253 2709 298 2747 of
315 2705 483 2754 Nuxna‚'
512 2717 587 2746 ΒΕ.
619 2709 697 2747 181
727 2711 781 2758 (ΙΙ
809 2708 1056 2759 368-372)
1084 2706 1215 2746 burnt
1237 2705 1279 2758 (7
1305 2706 1374 2746 Gr.
1399 2706 1420 2745 7
1447 2705 1569 2753 Lat),
1594 2712 1622 2745 1⁵⁵

96 2776 351 2827 llo—142).
404 2774 654 2829 Marquardt
676 2779 742 2814 111²
766 2776 789 2815 6
813 2789 850 2815 n.
867 2776 904 2821 3,
930 2777 981 2814 18
1000 2789 1036 2814 n.
1054 2777 1088 2815 9.
1142 2773 1204 2815 Cf.
1223 2773 1468 2828 Schwegler
1490 2785 1500 2813 1
1528 2776 1620 2814 541.

1385 2859 1511 2894 20-2
