<?xml version="1.0" encoding="UTF-8"?>
<!DOCTYPE html PUBLIC "-//W3C//DTD XHTML 1.0 Transitional//EN"
    "http://www.w3.org/TR/xhtml1/DTD/xhtml1-transitional.dtd">
<html xmlns="http://www.w3.org/1999/xhtml" xml:lang="en" lang="en">
 <head>
  <title>
</title>
<meta http-equiv="Content-Type" content="text/html;charset=utf-8" />
  <meta name='ocr-system' content='tesseract 3.04.00' />
  <meta name='ocr-capabilities' content='ocr_page ocr_carea ocr_par ocr_line ocrx_word'/>
</head>
<body>
  <div class='ocr_page' id='page_1' title='image "apologeticustext00tertuoft_0038.png"; bbox 0 0 1827 3004; ppageno 0'>
   <div class='ocr_carea' id='block_1_1' title="bbox 122 68 1078 123">
    <p class='ocr_par' dir='ltr' id='par_1_1' title="bbox 122 68 1078 123">
     <span class='ocr_line' id='line_1_1' title="bbox 122 68 1078 123; baseline -0.017 0"><span class='ocrx_word' id='word_1_1' title='bbox 122 86 169 123; x_wconf 72' lang='lat'>14</span> <span class='ocrx_word' id='word_1_2' title='bbox 681 68 1078 114; x_wconf 82' lang='lat' dir='ltr'><strong>TERTVLLIANI</strong></span> 
     </span>
    </p>
   </div>
   <div class='ocr_carea' id='block_1_2' title="bbox 100 175 1659 1395">
    <p class='ocr_par' dir='ltr' id='par_1_2' title="bbox 100 175 1659 1395">
     <span class='ocr_line' id='line_1_2' title="bbox 119 175 1645 252; baseline -0.016 -15"><span class='ocrx_word' id='word_1_3' title='bbox 119 210 248 252; x_wconf 88' lang='lat' dir='ltr'>quam</span> <span class='ocrx_word' id='word_1_4' title='bbox 284 193 455 240; x_wconf 83' lang='lat' dir='ltr'>lasciua,</span> <span class='ocrx_word' id='word_1_5' title='bbox 494 203 624 244; x_wconf 87' lang='lat' dir='ltr'>quam</span> <span class='ocrx_word' id='word_1_6' title='bbox 660 185 838 227; x_wconf 79' lang='lat' dir='ltr'>festina!</span> <span class='ocrx_word' id='word_1_7' title='bbox 901 182 1004 231; x_wconf 82' lang='lat' dir='ltr'>Quis</span> <span class='ocrx_word' id='word_1_8' title='bbox 1038 179 1227 221; x_wconf 80' lang='lat' dir='ltr'>iuuenis!</span> <span class='ocrx_word' id='word_1_9' title='bbox 1281 191 1413 231; x_wconf 88' lang='lat' dir='ltr'>quam</span> <span class='ocrx_word' id='word_1_10' title='bbox 1447 175 1645 222; x_wconf 86' lang='lat' dir='ltr'>lasciuus,</span> 
     </span>
     <span class='ocr_line' id='line_1_3' title="bbox 119 250 1648 328; baseline -0.016 -14"><span class='ocrx_word' id='word_1_11' title='bbox 119 288 249 328; x_wconf 82' lang='lat' dir='ltr'>quam</span> <span class='ocrx_word' id='word_1_12' title='bbox 283 268 490 311; x_wconf 83' lang='lat' dir='ltr'>amasius!</span> <span class='ocrx_word' id='word_1_13' title='bbox 551 264 673 306; x_wconf 82' lang='lat' dir='ltr'>Facti</span> <span class='ocrx_word' id='word_1_14' title='bbox 706 267 809 304; x_wconf 91' lang='lat' dir='ltr'>sunt</span> <span class='ocrx_word' id='word_1_15' title='bbox 842 258 1093 301; x_wconf 77' lang='lat' dir='ltr'>Christiani!</span> <span class='ocrx_word' id='word_1_16' title='bbox 1155 257 1226 297; x_wconf 88' lang='lat' dir='ltr'>Ita</span> <span class='ocrx_word' id='word_1_17' title='bbox 1258 268 1416 295; x_wconf 88' lang='lat' dir='ltr'>nomen</span> <span class='ocrx_word' id='word_1_18' title='bbox 1450 250 1648 292; x_wconf 83' lang='lat' dir='ltr'>emenda-</span> 
     </span>
     <span class='ocr_line' id='line_1_4' title="bbox 119 329 1651 401; baseline -0.016 -10"><span class='ocrx_word' id='word_1_19' title='bbox 119 351 225 391; x_wconf 88' lang='lat' dir='ltr'>tioni</span> <span class='ocrx_word' id='word_1_20' title='bbox 272 349 524 401; x_wconf 72' lang='lat' dir='ltr'>imputatur.</span> <span class='ocrx_word' id='word_1_21' title='bbox 586 340 789 382; x_wconf 86' lang='lat' dir='ltr'>Nonnulli</span> <span class='ocrx_word' id='word_1_22' title='bbox 836 338 967 378; x_wconf 82' lang='lat' dir='ltr'>etiam</span> <span class='ocrx_word' id='word_1_23' title='bbox 1013 335 1066 375; x_wconf 90' lang='lat' dir='ltr'>de</span> <span class='ocrx_word' id='word_1_24' title='bbox 1110 331 1376 374; x_wconf 72' lang='lat' dir='ltr'>utilitatibus</span> <span class='ocrx_word' id='word_1_25' title='bbox 1421 329 1507 370; x_wconf 90' lang='lat' dir='ltr'>suis</span> <span class='ocrx_word' id='word_1_26' title='bbox 1553 341 1651 368; x_wconf 91' lang='lat' dir='ltr'>cum</span> 
     </span>
     <span class='ocr_line' id='line_1_5' title="bbox 119 405 1653 477; baseline -0.015 -10"><span class='ocrx_word' id='word_1_27' title='bbox 119 427 216 467; x_wconf 85' lang='lat' dir='ltr'>odio</span> <span class='ocrx_word' id='word_1_28' title='bbox 246 426 327 465; x_wconf 85' lang='lat' dir='ltr'>isto</span> <span class='ocrx_word' id='word_1_29' title='bbox 359 423 645 477; x_wconf 84' lang='lat' dir='ltr'>paciscuntur,</span> <span class='ocrx_word' id='word_1_30' title='bbox 677 415 870 457; x_wconf 83' lang='lat' dir='ltr'>contenti</span> <span class='ocrx_word' id='word_1_31' title='bbox 898 412 1066 460; x_wconf 88' lang='lat' dir='ltr'>iniuria,</span> <span class='ocrx_word' id='word_1_32' title='bbox 1098 411 1203 451; x_wconf 90' lang='lat' dir='ltr'>dum</span> <span class='ocrx_word' id='word_1_33' title='bbox 1232 423 1285 449; x_wconf 90' lang='lat' dir='ltr'>ne</span> <span class='ocrx_word' id='word_1_34' title='bbox 1314 407 1431 448; x_wconf 88' lang='lat' dir='ltr'>domi</span> <span class='ocrx_word' id='word_1_35' title='bbox 1461 405 1653 446; x_wconf 83' lang='lat' dir='ltr'>habeant</span> 
     </span>
     <span class='ocr_line' id='line_1_6' title="bbox 121 481 1651 557; baseline -0.015 -14"><span class='ocrx_word' id='word_1_36' title='bbox 121 502 236 557; x_wconf 88' lang='lat' dir='ltr'>quod</span> <span class='ocrx_word' id='word_1_37' title='bbox 267 501 463 541; x_wconf 89' lang='lat' dir='ltr'>oderunt.</span> <span class='ocrx_word' id='word_1_38' title='bbox 524 497 714 537; x_wconf 83' lang='lat' dir='ltr'>Uxorem</span> <span class='ocrx_word' id='word_1_39' title='bbox 744 494 831 533; x_wconf 90' lang='lat' dir='ltr'>iam</span> <span class='ocrx_word' id='word_1_40' title='bbox 862 490 1065 545; x_wconf 90' lang='lat' dir='ltr'>pudicam</span> <span class='ocrx_word' id='word_1_41' title='bbox 1096 487 1278 527; x_wconf 88' lang='lat' dir='ltr'>maritus</span> <span class='ocrx_word' id='word_1_42' title='bbox 1308 485 1396 525; x_wconf 90' lang='lat' dir='ltr'>iam</span> <span class='ocrx_word' id='word_1_43' title='bbox 1426 497 1514 523; x_wconf 91' lang='lat' dir='ltr'>non</span> <span class='ocrx_word' id='word_1_44' title='bbox 1544 481 1651 522; x_wconf 86' lang='lat' dir='ltr'>zelo-</span> 
     </span>
     <span class='ocr_line' id='line_1_7' title="bbox 120 558 1652 632; baseline -0.015 -12"><span class='ocrx_word' id='word_1_45' title='bbox 120 585 264 632; x_wconf 72' lang='lat' dir='ltr'>typus,</span> <span class='ocrx_word' id='word_1_46' title='bbox 307 577 441 616; x_wconf 88' lang='lat' dir='ltr'>filium</span> <span class='ocrx_word' id='word_1_47' title='bbox 480 574 566 614; x_wconf 90' lang='lat' dir='ltr'>iam</span> <span class='ocrx_word' id='word_1_48' title='bbox 606 571 849 612; x_wconf 87' lang='lat' dir='ltr'>subiectum</span> <span class='ocrx_word' id='word_1_49' title='bbox 890 572 1013 621; x_wconf 90' lang='lat' dir='ltr'>pater</span> <span class='ocrx_word' id='word_1_50' title='bbox 1052 570 1166 604; x_wconf 88' lang='lat' dir='ltr'>retro</span> <span class='ocrx_word' id='word_1_51' title='bbox 1207 562 1377 617; x_wconf 88' lang='lat' dir='ltr'>patiens</span> <span class='ocrx_word' id='word_1_52' title='bbox 1416 558 1652 607; x_wconf 87' lang='lat' dir='ltr'>abdicauit,</span> 
     </span>
     <span class='ocr_line' id='line_1_8' title="bbox 121 636 1655 698; baseline -0.015 -1"><span class='ocrx_word' id='word_1_53' title='bbox 121 670 291 698; x_wconf 89' lang='lat' dir='ltr'>seruum</span> <span class='ocrx_word' id='word_1_54' title='bbox 314 654 399 694; x_wconf 86' lang='lat' dir='ltr'>iam</span> <span class='ocrx_word' id='word_1_55' title='bbox 422 650 590 691; x_wconf 88' lang='lat' dir='ltr'>fidelem</span> <span class='ocrx_word' id='word_1_56' title='bbox 614 647 813 688; x_wconf 84' lang='lat' dir='ltr'>dominus</span> <span class='ocrx_word' id='word_1_57' title='bbox 836 645 937 685; x_wconf 89' lang='lat' dir='ltr'>olim</span> <span class='ocrx_word' id='word_1_58' title='bbox 961 643 1078 683; x_wconf 89' lang='lat' dir='ltr'>mitis</span> <span class='ocrx_word' id='word_1_59' title='bbox 1100 641 1154 682; x_wconf 88' lang='lat' dir='ltr'>ab</span> <span class='ocrx_word' id='word_1_60' title='bbox 1179 639 1311 681; x_wconf 88' lang='lat' dir='ltr'>oculis</span> <span class='ocrx_word' id='word_1_61' title='bbox 1333 636 1564 691; x_wconf 84' lang='lat' dir='ltr'>relegauit;</span> <span class='ocrx_word' id='word_1_62' title='bbox 1604 639 1655 675; x_wconf 92' lang='lat' dir='ltr'>ut</span> 
     </span>
     <span class='ocr_line' id='line_1_9' title="bbox 123 713 1654 787; baseline -0.014 -14"><span class='ocrx_word' id='word_1_63' title='bbox 123 733 302 787; x_wconf 89' lang='lat' dir='ltr'>quisque</span> <span class='ocrx_word' id='word_1_64' title='bbox 324 731 403 769; x_wconf 88' lang='grc'><strong>1100</strong></span> <span class='ocrx_word' id='word_1_65' title='bbox 424 728 595 768; x_wconf 88' lang='lat' dir='ltr'>nomine</span> <span class='ocrx_word' id='word_1_66' title='bbox 618 723 884 771; x_wconf 87' lang='lat' dir='ltr'>emendatur,</span> <span class='ocrx_word' id='word_1_67' title='bbox 904 719 1099 760; x_wconf 79' lang='lat' dir='ltr'>offendit.</span> <span class='ocrx_word' id='word_1_68' title='bbox 1155 716 1284 758; x_wconf 86' lang='lat' dir='ltr'>Tanti</span> <span class='ocrx_word' id='word_1_69' title='bbox 1300 729 1385 756; x_wconf 91' lang='lat' dir='ltr'>non</span> <span class='ocrx_word' id='word_1_70' title='bbox 1405 719 1470 754; x_wconf 89' lang='lat' dir='ltr'>est</span> <span class='ocrx_word' id='word_1_71' title='bbox 1491 713 1654 754; x_wconf 90' lang='lat' dir='ltr'>bonum</span> 
     </span>
     <span class='ocr_line' id='line_1_10' title="bbox 123 790 1654 863; baseline -0.013 -14"><span class='ocrx_word' id='word_1_72' title='bbox 123 808 274 863; x_wconf 83' lang='lat' dir='ltr'>quanti</span> <span class='ocrx_word' id='word_1_73' title='bbox 305 806 451 847; x_wconf 87' lang='lat' dir='ltr'>odium</span> <span class='ocrx_word' id='word_1_74' title='bbox 480 803 833 845; x_wconf 79' lang='lat' dir='ltr'>Christianorum.</span> <span class='ocrx_word' id='word_1_75' title='bbox 894 797 1021 838; x_wconf 88' lang='lat' dir='ltr'>Nunc</span> <span class='ocrx_word' id='word_1_76' title='bbox 1050 796 1194 850; x_wconf 80' lang='lat' dir='ltr'>igitur,</span> <span class='ocrx_word' id='word_1_77' title='bbox 1224 794 1258 834; x_wconf 88' lang='lat' dir='ltr'>si</span> <span class='ocrx_word' id='word_1_78' title='bbox 1289 792 1474 833; x_wconf 89' lang='lat' dir='ltr'>nominis</span> <span class='ocrx_word' id='word_1_79' title='bbox 1507 790 1654 831; x_wconf 91' lang='lat' dir='ltr'>odium</span> 
     </span>
     <span class='ocr_line' id='line_1_11' title="bbox 100 867 1653 937; baseline -0.013 -12"><span class='ocrx_word' id='word_1_80' title='bbox 100 890 201 933; x_wconf 73' lang='lat' dir='ltr'>est,</span> <span class='ocrx_word' id='word_1_81' title='bbox 243 883 336 937; x_wconf 90' lang='lat' dir='ltr'>quis</span> <span class='ocrx_word' id='word_1_82' title='bbox 379 880 604 922; x_wconf 86' lang='lat' dir='ltr'>nominum</span> <span class='ocrx_word' id='word_1_83' title='bbox 651 877 822 917; x_wconf 68' lang='lat' dir='ltr'>reatus?</span> <span class='ocrx_word' id='word_1_84' title='bbox 907 873 1028 923; x_wconf 82' lang='lat' dir='ltr'>Quae</span> <span class='ocrx_word' id='word_1_85' title='bbox 1067 870 1286 912; x_wconf 80' lang='lat' dir='ltr'>accusatio</span> <span class='ocrx_word' id='word_1_86' title='bbox 1327 867 1653 914; x_wconf 80' lang='lat' dir='ltr'>uocabulorum,</span> 
     </span>
     <span class='ocr_line' id='line_1_12' title="bbox 123 945 1656 1005; baseline -0.012 -2"><span class='ocrx_word' id='word_1_87' title='bbox 123 962 201 1002; x_wconf 90' lang='lat' dir='ltr'>nisi</span> <span class='ocrx_word' id='word_1_88' title='bbox 226 961 259 1001; x_wconf 85' lang='lat' dir='ltr'>si</span> <span class='ocrx_word' id='word_1_89' title='bbox 284 965 361 1000; x_wconf 88' lang='lat' dir='ltr'>aut</span> <span class='ocrx_word' id='word_1_90' title='bbox 384 958 618 999; x_wconf 89' lang='lat' dir='ltr'>barbarum</span> <span class='ocrx_word' id='word_1_91' title='bbox 642 960 769 995; x_wconf 89' lang='lat' dir='ltr'>sonat</span> <span class='ocrx_word' id='word_1_92' title='bbox 799 953 943 1005; x_wconf 88' lang='lat' dir='ltr'>aliqua</span> <span class='ocrx_word' id='word_1_93' title='bbox 971 964 1058 990; x_wconf 79' lang='lat' dir='ltr'>uox</span> <span class='ocrx_word' id='word_1_94' title='bbox 1086 947 1285 997; x_wconf 88' lang='lat' dir='ltr'>nominis,</span> <span class='ocrx_word' id='word_1_95' title='bbox 1313 951 1391 987; x_wconf 90' lang='lat' dir='ltr'>aut</span> <span class='ocrx_word' id='word_1_96' title='bbox 1413 945 1656 986; x_wconf 80' lang='lat' dir='ltr'>infaustum</span> 
     </span>
     <span class='ocr_line' id='line_1_13' title="bbox 123 1025 1657 1085; baseline -0.012 -7"><span class='ocrx_word' id='word_1_97' title='bbox 123 1044 201 1079; x_wconf 90' lang='lat' dir='ltr'>aut</span> <span class='ocrx_word' id='word_1_98' title='bbox 238 1035 492 1076; x_wconf 83' lang='lat' dir='ltr'>maledicum</span> <span class='ocrx_word' id='word_1_99' title='bbox 529 1038 606 1073; x_wconf 88' lang='lat' dir='ltr'>aut</span> <span class='ocrx_word' id='word_1_100' title='bbox 640 1029 920 1085; x_wconf 70' lang='lat' dir='ltr'>inpudicum?</span> <span class='ocrx_word' id='word_1_101' title='bbox 983 1025 1251 1067; x_wconf 76' lang='lat' dir='ltr'>Christianus</span> <span class='ocrx_word' id='word_1_102' title='bbox 1287 1037 1402 1071; x_wconf 89' lang='lat' dir='ltr'>uero,</span> <span class='ocrx_word' id='word_1_103' title='bbox 1442 1026 1657 1075; x_wconf 89' lang='lat' dir='ltr'>quantum</span> 
     </span>
     <span class='ocr_line' id='line_1_14' title="bbox 123 1101 1657 1168; baseline -0.012 -12"><span class='ocrx_word' id='word_1_104' title='bbox 123 1113 422 1168; x_wconf 78' lang='lat' dir='ltr'>interpretatio</span> <span class='ocrx_word' id='word_1_105' title='bbox 445 1117 520 1159; x_wconf 87' lang='lat' dir='ltr'>est.</span> <span class='ocrx_word' id='word_1_106' title='bbox 545 1110 596 1150; x_wconf 87' lang='lat' dir='ltr'>de</span> <span class='ocrx_word' id='word_1_107' title='bbox 618 1108 821 1149; x_wconf 88' lang='lat' dir='ltr'>unctione</span> <span class='ocrx_word' id='word_1_108' title='bbox 841 1104 1082 1146; x_wconf 86' lang='lat' dir='ltr'>deducitur.</span> <span class='ocrx_word' id='word_1_109' title='bbox 1144 1101 1227 1143; x_wconf 79' lang='lat' dir='ltr'>Sed</span> <span class='ocrx_word' id='word_1_110' title='bbox 1249 1106 1292 1141; x_wconf 91' lang='lat' dir='ltr'>et</span> <span class='ocrx_word' id='word_1_111' title='bbox 1313 1114 1411 1141; x_wconf 89' lang='grc'><strong>011111</strong></span> <span class='ocrx_word' id='word_1_112' title='bbox 1432 1112 1657 1153; x_wconf 85' lang='lat' dir='ltr'>perperam</span> 
     </span>
     <span class='ocr_line' id='line_1_15' title="bbox 126 1177 1659 1242; baseline -0.012 -10"><span class='ocrx_word' id='word_1_113' title='bbox 126 1191 399 1233; x_wconf 77' lang='lat' dir='ltr'>Chrestianus</span> <span class='ocrx_word' id='word_1_114' title='bbox 429 1186 736 1242; x_wconf 85' lang='lat' dir='ltr'>pronuntiatur</span> <span class='ocrx_word' id='word_1_115' title='bbox 765 1198 790 1223; x_wconf 88' lang='lat' dir='ltr'>a</span> <span class='ocrx_word' id='word_1_116' title='bbox 819 1182 943 1223; x_wconf 86' lang='lat' dir='ltr'>uobis</span> <span class='ocrx_word' id='word_1_117' title='bbox 974 1182 1093 1232; x_wconf 87' lang='lat' dir='ltr'>(nam</span> <span class='ocrx_word' id='word_1_118' title='bbox 1122 1192 1201 1219; x_wconf 89' lang='lat' dir='ltr'>nec</span> <span class='ocrx_word' id='word_1_119' title='bbox 1229 1177 1431 1218; x_wconf 87' lang='lat' dir='ltr'>nominis.</span> <span class='ocrx_word' id='word_1_120' title='bbox 1446 1180 1562 1216; x_wconf 87' lang='lat' dir='ltr'>certa</span> <span class='ocrx_word' id='word_1_121' title='bbox 1593 1179 1659 1215; x_wconf 89' lang='lat' dir='ltr'>est</span> 
     </span>
     <span class='ocr_line' id='line_1_16' title="bbox 126 1254 1655 1320; baseline -0.011 -11"><span class='ocrx_word' id='word_1_122' title='bbox 126 1269 279 1309; x_wconf 82' lang='lat' dir='ltr'>notitia</span> <span class='ocrx_word' id='word_1_123' title='bbox 303 1280 431 1320; x_wconf 89' lang='lat' dir='ltr'>penes</span> <span class='ocrx_word' id='word_1_124' title='bbox 452 1266 560 1315; x_wconf 85' lang='lat' dir='ltr'>uos),</span> <span class='ocrx_word' id='word_1_125' title='bbox 585 1263 637 1303; x_wconf 90' lang='lat' dir='ltr'>de</span> <span class='ocrx_word' id='word_1_126' title='bbox 659 1261 877 1302; x_wconf 84' lang='lat' dir='ltr'>suauitate</span> <span class='ocrx_word' id='word_1_127' title='bbox 899 1258 968 1298; x_wconf 90' lang='lat' dir='ltr'>uel</span> <span class='ocrx_word' id='word_1_128' title='bbox 989 1256 1259 1311; x_wconf 81' lang='lat' dir='ltr'>benignitate</span> <span class='ocrx_word' id='word_1_129' title='bbox 1281 1254 1555 1308; x_wconf 88' lang='lat' dir='ltr'>conpositum</span> <span class='ocrx_word' id='word_1_130' title='bbox 1578 1257 1655 1293; x_wconf 90' lang='lat' dir='ltr'>est.</span> 
     </span>
     <span class='ocr_line' id='line_1_17' title="bbox 127 1331 1656 1395; baseline -0.01 -11"><span class='ocrx_word' id='word_1_131' title='bbox 127 1344 281 1385; x_wconf 80' lang='lat' dir='ltr'>Oditur</span> <span class='ocrx_word' id='word_1_132' title='bbox 310 1343 457 1395; x_wconf 85' lang='lat' dir='ltr'>itaque</span> <span class='ocrx_word' id='word_1_133' title='bbox 485 1341 529 1380; x_wconf 92' lang='lat' dir='ltr'>in</span> <span class='ocrx_word' id='word_1_134' title='bbox 560 1337 805 1379; x_wconf 90' lang='lat' dir='ltr'>hominibus</span> <span class='ocrx_word' id='word_1_135' title='bbox 833 1334 1029 1376; x_wconf 87' lang='lat' dir='ltr'>innocuis</span> <span class='ocrx_word' id='word_1_136' title='bbox 1059 1333 1191 1374; x_wconf 88' lang='lat' dir='ltr'>etiam</span> <span class='ocrx_word' id='word_1_137' title='bbox 1220 1345 1378 1372; x_wconf 89' lang='lat' dir='ltr'>nomen</span> <span class='ocrx_word' id='word_1_138' title='bbox 1407 1331 1656 1371; x_wconf 89' lang='lat' dir='ltr'>innocuum.</span> 
     </span>
    </p>
   </div>
   <div class='ocr_carea' id='block_1_3' title="bbox 1673 493 1693 524">
    <p class='ocr_par' dir='ltr' id='par_1_3' title="bbox 1673 493 1693 524">
     <span class='ocr_line' id='line_1_18' title="bbox 1673 493 1693 524; baseline 0 0"><span class='ocrx_word' id='word_1_139' title='bbox 1673 493 1693 524; x_wconf 85' lang='lat'>5</span> 
     </span>
    </p>
   </div>
   <div class='ocr_carea' id='block_1_4' title="bbox 1678 879 1720 901">
    <p class='ocr_par' dir='ltr' id='par_1_4' title="bbox 1678 879 1720 901">
     <span class='ocr_line' id='line_1_19' title="bbox 1678 879 1720 901; baseline -0.024 0"><span class='ocrx_word' id='word_1_140' title='bbox 1678 879 1720 901; x_wconf 84' lang='lat'>10</span> 
     </span>
    </p>
   </div>
   <div class='ocr_carea' id='block_1_5' title="bbox 1682 1269 1723 1299">
    <p class='ocr_par' dir='ltr' id='par_1_5' title="bbox 1682 1269 1723 1299">
     <span class='ocr_line' id='line_1_20' title="bbox 1682 1269 1723 1299; baseline 0 0"><span class='ocrx_word' id='word_1_141' title='bbox 1682 1269 1723 1299; x_wconf 86' lang='lat'>15</span> 
     </span>
    </p>
   </div>
   <div class='ocr_carea' id='block_1_6' title="bbox 126 1405 1725 1464">
    <p class='ocr_par' dir='ltr' id='par_1_6' title="bbox 126 1405 1725 1464">
     <span class='ocr_line' id='line_1_21' title="bbox 126 1405 1725 1464; baseline -0.01 -4"><span class='ocrx_word' id='word_1_142' title='bbox 126 1421 184 1460; x_wconf 77' lang='lat' dir='ltr'>At</span> <span class='ocrx_word' id='word_1_143' title='bbox 221 1419 333 1459; x_wconf 90' lang='lat' dir='ltr'>enim</span> <span class='ocrx_word' id='word_1_144' title='bbox 370 1422 486 1457; x_wconf 86' lang='lat' dir='ltr'>secta</span> <span class='ocrx_word' id='word_1_145' title='bbox 523 1415 667 1455; x_wconf 89' lang='lat' dir='ltr'>oditur</span> <span class='ocrx_word' id='word_1_146' title='bbox 702 1414 746 1454; x_wconf 89' lang='lat' dir='ltr'>in</span> <span class='ocrx_word' id='word_1_147' title='bbox 782 1412 956 1452; x_wconf 87' lang='lat' dir='ltr'>nomine</span> <span class='ocrx_word' id='word_1_148' title='bbox 992 1410 1144 1464; x_wconf 84' lang='lat' dir='ltr'>utique</span> <span class='ocrx_word' id='word_1_149' title='bbox 1181 1409 1246 1450; x_wconf 89' lang='lat' dir='ltr'>sui</span> <span class='ocrx_word' id='word_1_150' title='bbox 1283 1407 1484 1448; x_wconf 86' lang='lat' dir='ltr'>auctoris.</span> <span class='ocrx_word' id='word_1_151' title='bbox 1546 1405 1659 1454; x_wconf 80' lang='lat' dir='ltr'>Quid</span> <span class='ocrx_word' id='word_1_152' title='bbox 1683 1405 1725 1453; x_wconf 53' lang='lat' dir='ltr'>ys</span> 
     </span>
    </p>
   </div>
   <div class='ocr_carea' id='block_1_7' title="bbox 102 1483 1662 1930">
    <p class='ocr_par' dir='ltr' id='par_1_7' title="bbox 102 1483 1662 1930">
     <span class='ocr_line' id='line_1_22' title="bbox 126 1483 1660 1548; baseline -0.01 -11"><span class='ocrx_word' id='word_1_153' title='bbox 126 1497 238 1545; x_wconf 91' lang='lat' dir='ltr'>noui,</span> <span class='ocrx_word' id='word_1_154' title='bbox 260 1496 293 1536; x_wconf 87' lang='lat' dir='ltr'>si</span> <span class='ocrx_word' id='word_1_155' title='bbox 313 1495 455 1548; x_wconf 88' lang='lat' dir='ltr'>aliqua</span> <span class='ocrx_word' id='word_1_156' title='bbox 475 1492 698 1545; x_wconf 86' lang='lat' dir='ltr'>disciplina</span> <span class='ocrx_word' id='word_1_157' title='bbox 719 1490 770 1530; x_wconf 91' lang='lat' dir='ltr'>de</span> <span class='ocrx_word' id='word_1_158' title='bbox 790 1489 996 1543; x_wconf 89' lang='lat' dir='ltr'>magistro</span> <span class='ocrx_word' id='word_1_159' title='bbox 1017 1491 1353 1542; x_wconf 83' lang='lat' dir='ltr'>cognomentum</span> <span class='ocrx_word' id='word_1_160' title='bbox 1372 1483 1660 1525; x_wconf 84' lang='lat' dir='ltr'>sectatoribus</span> 
     </span>
     <span class='ocr_line' id='line_1_23' title="bbox 126 1562 1660 1620; baseline -0.009 -7"><span class='ocrx_word' id='word_1_161' title='bbox 126 1573 212 1613; x_wconf 84' lang='lat' dir='ltr'>suis</span> <span class='ocrx_word' id='word_1_162' title='bbox 229 1571 420 1612; x_wconf 67' lang='lat' dir='ltr'>inducit?</span> <span class='ocrx_word' id='word_1_163' title='bbox 482 1569 635 1608; x_wconf 86' lang='lat' dir='ltr'>Nonne</span> <span class='ocrx_word' id='word_1_164' title='bbox 652 1565 895 1620; x_wconf 88' lang='lat' dir='ltr'>philosophi</span> <span class='ocrx_word' id='word_1_165' title='bbox 912 1565 964 1605; x_wconf 90' lang='lat' dir='ltr'>de</span> <span class='ocrx_word' id='word_1_166' title='bbox 981 1563 1232 1604; x_wconf 87' lang='lat' dir='ltr'>auctoribus</span> <span class='ocrx_word' id='word_1_167' title='bbox 1247 1562 1335 1603; x_wconf 86' lang='lat' dir='ltr'>suis</span> <span class='ocrx_word' id='word_1_168' title='bbox 1350 1564 1660 1614; x_wconf 88' lang='lat' dir='ltr'>nuncupantur</span> 
     </span>
     <span class='ocr_line' id='line_1_24' title="bbox 130 1629 1660 1700; baseline -0.008 -11"><span class='ocrx_word' id='word_1_169' title='bbox 130 1648 350 1697; x_wconf 77' lang='lat' dir='ltr'>Platonici,</span> <span class='ocrx_word' id='word_1_170' title='bbox 372 1645 582 1700; x_wconf 83' lang='lat' dir='ltr'>Epicurei,</span> <span class='ocrx_word' id='word_1_171' title='bbox 604 1643 906 1697; x_wconf 71' lang='lat' dir='ltr'>Pythagorici?</span> <span class='ocrx_word' id='word_1_172' title='bbox 946 1642 1077 1682; x_wconf 85' lang='lat' dir='ltr'>etiam</span> <span class='ocrx_word' id='word_1_173' title='bbox 1095 1656 1120 1681; x_wconf 89' lang='lat' dir='ltr'>a</span> <span class='ocrx_word' id='word_1_174' title='bbox 1137 1640 1242 1681; x_wconf 87' lang='lat' dir='ltr'>locis</span> <span class='ocrx_word' id='word_1_175' title='bbox 1260 1629 1660 1680; x_wconf 86' lang='lat' dir='ltr'>conuenticulorum</span> 
     </span>
     <span class='ocr_line' id='line_1_25' title="bbox 129 1712 1660 1769; baseline -0.008 -3"><span class='ocrx_word' id='word_1_176' title='bbox 129 1732 171 1766; x_wconf 91' lang='lat' dir='ltr'>et</span> <span class='ocrx_word' id='word_1_177' title='bbox 215 1724 452 1765; x_wconf 83' lang='lat' dir='ltr'>stationum</span> <span class='ocrx_word' id='word_1_178' title='bbox 495 1735 670 1762; x_wconf 87' lang='lat' dir='ltr'>suarum</span> <span class='ocrx_word' id='word_1_179' title='bbox 715 1720 859 1768; x_wconf 80' lang='lat' dir='ltr'>Stoici,</span> <span class='ocrx_word' id='word_1_180' title='bbox 906 1717 1178 1758; x_wconf 68' lang='lat' dir='ltr'>Academici?</span> <span class='ocrx_word' id='word_1_181' title='bbox 1227 1729 1363 1769; x_wconf 88' lang='lat' dir='ltr'>aeque</span> <span class='ocrx_word' id='word_1_182' title='bbox 1407 1713 1561 1754; x_wconf 88' lang='lat' dir='ltr'>medici</span> <span class='ocrx_word' id='word_1_183' title='bbox 1605 1712 1660 1753; x_wconf 88' lang='lat' dir='ltr'>ab</span> 
     </span>
     <span class='ocr_line' id='line_1_26' title="bbox 102 1791 1657 1863; baseline -0.008 -20"><span class='ocrx_word' id='word_1_184' title='bbox 102 1857 110 1863; x_wconf 20' lang='grc' dir='ltr'><strong>ἡ</strong></span> <span class='ocrx_word' id='word_1_185' title='bbox 131 1803 390 1843; x_wconf 83' lang='lat' dir='ltr'>Erasistrato</span> <span class='ocrx_word' id='word_1_186' title='bbox 414 1805 456 1840; x_wconf 90' lang='lat' dir='ltr'>et</span> <span class='ocrx_word' id='word_1_187' title='bbox 478 1797 747 1854; x_wconf 83' lang='lat' dir='ltr'>grammatici</span> <span class='ocrx_word' id='word_1_188' title='bbox 770 1797 824 1837; x_wconf 90' lang='lat' dir='ltr'>ab</span> <span class='ocrx_word' id='word_1_189' title='bbox 848 1795 1110 1844; x_wconf 78' lang='lat' dir='ltr'>Aristarcho,</span> <span class='ocrx_word' id='word_1_190' title='bbox 1136 1794 1224 1834; x_wconf 89' lang='lat' dir='ltr'>coci</span> <span class='ocrx_word' id='word_1_191' title='bbox 1247 1794 1379 1834; x_wconf 88' lang='lat' dir='ltr'>etiam</span> <span class='ocrx_word' id='word_1_192' title='bbox 1401 1792 1456 1833; x_wconf 88' lang='lat' dir='ltr'>ab</span> <span class='ocrx_word' id='word_1_193' title='bbox 1479 1791 1657 1845; x_wconf 66' lang='lat' dir='ltr'>Apicio?</span> 
     </span>
     <span class='ocr_line' id='line_1_27' title="bbox 130 1869 1662 1930; baseline -0.007 -11"><span class='ocrx_word' id='word_1_194' title='bbox 130 1894 206 1920; x_wconf 90' lang='lat' dir='ltr'>nec</span> <span class='ocrx_word' id='word_1_195' title='bbox 221 1885 365 1919; x_wconf 87' lang='lat' dir='ltr'>tamen</span> <span class='ocrx_word' id='word_1_196' title='bbox 380 1890 641 1930; x_wconf 77' lang='lat' dir='ltr'>quemquam</span> <span class='ocrx_word' id='word_1_197' title='bbox 656 1873 838 1914; x_wconf 79' lang='lat' dir='ltr'>offendit</span> <span class='ocrx_word' id='word_1_198' title='bbox 854 1872 1059 1926; x_wconf 73' lang='lat' dir='ltr'>professio</span> <span class='ocrx_word' id='word_1_199' title='bbox 1073 1871 1259 1912; x_wconf 89' lang='lat' dir='ltr'>nominis</span> <span class='ocrx_word' id='word_1_200' title='bbox 1273 1885 1371 1911; x_wconf 88' lang='lat' dir='ltr'>cum</span> <span class='ocrx_word' id='word_1_201' title='bbox 1387 1869 1662 1910; x_wconf 88' lang='lat' dir='ltr'>institutione</span> 
     </span>
    </p>
   </div>
   <div class='ocr_carea' id='block_1_8' title="bbox 132 1947 1662 2003">
    <p class='ocr_par' dir='ltr' id='par_1_8' title="bbox 132 1947 1662 2003">
     <span class='ocr_line' id='line_1_28' title="bbox 132 1947 1662 2003; baseline -0.007 -7"><span class='ocrx_word' id='word_1_202' title='bbox 132 1956 379 1996; x_wconf 84' lang='lat' dir='ltr'>transmissa</span> <span class='ocrx_word' id='word_1_203' title='bbox 399 1954 451 1994; x_wconf 85' lang='lat' dir='ltr'>ab</span> <span class='ocrx_word' id='word_1_204' title='bbox 469 1953 730 1993; x_wconf 82' lang='lat' dir='ltr'>institutore.</span> <span class='ocrx_word' id='word_1_205' title='bbox 792 1950 936 1998; x_wconf 82' lang='lat' dir='ltr'>Plane,</span> <span class='ocrx_word' id='word_1_206' title='bbox 957 1950 990 1990; x_wconf 88' lang='lat' dir='ltr'>si</span> <span class='ocrx_word' id='word_1_207' title='bbox 1009 1949 1082 2003; x_wconf 87' lang='lat' dir='ltr'>qui</span> <span class='ocrx_word' id='word_1_208' title='bbox 1100 1948 1304 2002; x_wconf 89' lang='lat' dir='ltr'>probauit</span> <span class='ocrx_word' id='word_1_209' title='bbox 1321 1947 1481 1987; x_wconf 90' lang='lat' dir='ltr'>malam</span> <span class='ocrx_word' id='word_1_210' title='bbox 1499 1951 1662 1986; x_wconf 88' lang='lat' dir='ltr'>sectam</span> 
     </span>
    </p>
   </div>
   <div class='ocr_carea' id='block_1_9' title="bbox 133 2027 1725 2084">
    <p class='ocr_par' dir='ltr' id='par_1_9' title="bbox 133 2027 1725 2084">
     <span class='ocr_line' id='line_1_29' title="bbox 133 2027 1725 2084; baseline -0.007 -8"><span class='ocrx_word' id='word_1_211' title='bbox 133 2042 175 2076; x_wconf 87' lang='lat' dir='ltr'>et</span> <span class='ocrx_word' id='word_1_212' title='bbox 196 2036 255 2076; x_wconf 85' lang='lat' dir='ltr'>ita</span> <span class='ocrx_word' id='word_1_213' title='bbox 278 2035 434 2075; x_wconf 89' lang='lat' dir='ltr'>malum</span> <span class='ocrx_word' id='word_1_214' title='bbox 460 2039 502 2073; x_wconf 90' lang='lat' dir='ltr'>et</span> <span class='ocrx_word' id='word_1_215' title='bbox 523 2038 755 2080; x_wconf 87' lang='lat' dir='ltr'>auctorem,</span> <span class='ocrx_word' id='word_1_216' title='bbox 778 2031 813 2071; x_wconf 90' lang='lat' dir='ltr'>is</span> <span class='ocrx_word' id='word_1_217' title='bbox 834 2030 1039 2084; x_wconf 90' lang='lat' dir='ltr'>probabit</span> <span class='ocrx_word' id='word_1_218' title='bbox 1059 2034 1102 2069; x_wconf 92' lang='lat' dir='ltr'>et</span> <span class='ocrx_word' id='word_1_219' title='bbox 1121 2043 1279 2069; x_wconf 89' lang='lat' dir='ltr'>nomen</span> <span class='ocrx_word' id='word_1_220' title='bbox 1300 2028 1463 2068; x_wconf 89' lang='lat' dir='ltr'>malum</span> <span class='ocrx_word' id='word_1_221' title='bbox 1485 2027 1663 2081; x_wconf 88' lang='lat' dir='ltr'>dignum</span> <span class='ocrx_word' id='word_1_222' title='bbox 1713 2044 1725 2049; x_wconf 90' lang='lat'>-</span> 
     </span>
    </p>
   </div>
   <div class='ocr_carea' id='block_1_10' title="bbox 134 2106 1664 2479">
    <p class='ocr_par' dir='ltr' id='par_1_10' title="bbox 134 2106 1664 2479">
     <span class='ocr_line' id='line_1_30' title="bbox 134 2106 1664 2162; baseline -0.005 -8"><span class='ocrx_word' id='word_1_223' title='bbox 134 2115 229 2155; x_wconf 83' lang='lat' dir='ltr'>odio</span> <span class='ocrx_word' id='word_1_224' title='bbox 259 2114 310 2154; x_wconf 90' lang='lat' dir='ltr'>de</span> <span class='ocrx_word' id='word_1_225' title='bbox 339 2119 461 2153; x_wconf 84' lang='lat' dir='ltr'>reatu</span> <span class='ocrx_word' id='word_1_226' title='bbox 489 2118 629 2153; x_wconf 85' lang='lat' dir='ltr'>sectae</span> <span class='ocrx_word' id='word_1_227' title='bbox 659 2116 702 2151; x_wconf 88' lang='lat' dir='ltr'>et</span> <span class='ocrx_word' id='word_1_228' title='bbox 730 2110 930 2158; x_wconf 78' lang='lat' dir='ltr'>auctoris,</span> <span class='ocrx_word' id='word_1_229' title='bbox 960 2109 1143 2162; x_wconf 85' lang='lat' dir='ltr'>ideoque</span> <span class='ocrx_word' id='word_1_230' title='bbox 1171 2113 1274 2148; x_wconf 91' lang='lat' dir='ltr'>ante</span> <span class='ocrx_word' id='word_1_231' title='bbox 1302 2107 1450 2147; x_wconf 90' lang='lat' dir='ltr'>odium</span> <span class='ocrx_word' id='word_1_232' title='bbox 1478 2106 1664 2147; x_wconf 89' lang='lat' dir='ltr'>nominis</span> 
     </span>
     <span class='ocr_line' id='line_1_31' title="bbox 134 2184 1664 2244; baseline -0.006 -13"><span class='ocrx_word' id='word_1_233' title='bbox 134 2191 392 2244; x_wconf 79' lang='lat' dir='ltr'>conpetebat</span> <span class='ocrx_word' id='word_1_234' title='bbox 417 2190 532 2243; x_wconf 87' lang='lat' dir='ltr'>prius</span> <span class='ocrx_word' id='word_1_235' title='bbox 559 2189 611 2228; x_wconf 91' lang='lat' dir='ltr'>de</span> <span class='ocrx_word' id='word_1_236' title='bbox 636 2193 811 2228; x_wconf 86' lang='lat' dir='ltr'>auctore</span> <span class='ocrx_word' id='word_1_237' title='bbox 836 2192 999 2227; x_wconf 88' lang='lat' dir='ltr'>sectam</span> <span class='ocrx_word' id='word_1_238' title='bbox 1024 2198 1323 2239; x_wconf 88' lang='lat' dir='ltr'>recognoscere</span> <span class='ocrx_word' id='word_1_239' title='bbox 1348 2184 1417 2224; x_wconf 92' lang='lat' dir='ltr'>uel</span> <span class='ocrx_word' id='word_1_240' title='bbox 1442 2188 1664 2224; x_wconf 83' lang='lat' dir='ltr'>auctorem</span> 
     </span>
     <span class='ocr_line' id='line_1_32' title="bbox 135 2263 1664 2320; baseline -0.005 -10"><span class='ocrx_word' id='word_1_241' title='bbox 135 2271 186 2310; x_wconf 81' lang='lat' dir='ltr'>de</span> <span class='ocrx_word' id='word_1_242' title='bbox 210 2276 337 2310; x_wconf 77' lang='lat' dir='ltr'>secta.</span> <span class='ocrx_word' id='word_1_243' title='bbox 398 2270 456 2309; x_wconf 77' lang='lat' dir='ltr'>At</span> <span class='ocrx_word' id='word_1_244' title='bbox 478 2282 591 2308; x_wconf 89' lang='lat' dir='ltr'>nunc</span> <span class='ocrx_word' id='word_1_245' title='bbox 614 2267 838 2320; x_wconf 89' lang='lat' dir='ltr'>utriusque</span> <span class='ocrx_word' id='word_1_246' title='bbox 860 2265 1138 2319; x_wconf 78' lang='lat' dir='ltr'>inquisitione</span> <span class='ocrx_word' id='word_1_247' title='bbox 1162 2269 1206 2304; x_wconf 90' lang='lat' dir='ltr'>et</span> <span class='ocrx_word' id='word_1_248' title='bbox 1227 2263 1446 2317; x_wconf 88' lang='lat' dir='ltr'>agnitione</span> <span class='ocrx_word' id='word_1_249' title='bbox 1469 2263 1664 2317; x_wconf 89' lang='lat' dir='ltr'>neglecta</span> 
     </span>
     <span class='ocr_line' id='line_1_33' title="bbox 136 2342 1662 2397; baseline -0.005 -11"><span class='ocrx_word' id='word_1_250' title='bbox 136 2362 289 2387; x_wconf 86' lang='lat' dir='ltr'>nomen</span> <span class='ocrx_word' id='word_1_251' title='bbox 337 2347 565 2394; x_wconf 84' lang='lat' dir='ltr'>detinetur,</span> <span class='ocrx_word' id='word_1_252' title='bbox 614 2359 771 2385; x_wconf 87' lang='lat' dir='ltr'>nomen</span> <span class='ocrx_word' id='word_1_253' title='bbox 819 2348 1104 2397; x_wconf 84' lang='lat' dir='ltr'>expugnatur,</span> <span class='ocrx_word' id='word_1_254' title='bbox 1155 2347 1198 2382; x_wconf 91' lang='lat' dir='ltr'>et</span> <span class='ocrx_word' id='word_1_255' title='bbox 1244 2342 1438 2395; x_wconf 89' lang='lat' dir='ltr'>ignotam</span> <span class='ocrx_word' id='word_1_256' title='bbox 1485 2345 1662 2388; x_wconf 87' lang='lat' dir='ltr'>sectam,</span> 
     </span>
     <span class='ocr_line' id='line_1_34' title="bbox 136 2420 1662 2479; baseline -0.004 -14"><span class='ocrx_word' id='word_1_257' title='bbox 136 2426 326 2479; x_wconf 70' lang='lat' dir='ltr'>ignotum</span> <span class='ocrx_word' id='word_1_258' title='bbox 359 2431 401 2465; x_wconf 91' lang='lat' dir='ltr'>et</span> <span class='ocrx_word' id='word_1_259' title='bbox 429 2430 647 2464; x_wconf 86' lang='lat' dir='ltr'>auctorem</span> <span class='ocrx_word' id='word_1_260' title='bbox 676 2438 762 2463; x_wconf 83' lang='lat' dir='ltr'>uox</span> <span class='ocrx_word' id='word_1_261' title='bbox 791 2423 880 2463; x_wconf 86' lang='lat' dir='ltr'>sola</span> <span class='ocrx_word' id='word_1_262' title='bbox 909 2422 1207 2476; x_wconf 86' lang='lat' dir='ltr'>praedamnat,</span> <span class='ocrx_word' id='word_1_263' title='bbox 1239 2421 1340 2474; x_wconf 87' lang='lat' dir='ltr'>quia</span> <span class='ocrx_word' id='word_1_264' title='bbox 1368 2420 1662 2467; x_wconf 88' lang='lat' dir='ltr'>nominantur,</span> 
     </span>
    </p>
   </div>
   <div class='ocr_carea' id='block_1_11' title="bbox 137 2502 672 2555">
    <p class='ocr_par' dir='ltr' id='par_1_11' title="bbox 137 2502 672 2555">
     <span class='ocr_line' id='line_1_35' title="bbox 137 2502 672 2555; baseline -0.002 -13"><span class='ocrx_word' id='word_1_265' title='bbox 137 2518 220 2543; x_wconf 89' lang='grc'><strong>11011</strong></span> <span class='ocrx_word' id='word_1_266' title='bbox 253 2503 351 2555; x_wconf 83' lang='lat' dir='ltr'>quia</span> <span class='ocrx_word' id='word_1_267' title='bbox 382 2502 672 2542; x_wconf 85' lang='lat' dir='ltr'>reuincuntur.</span> 
     </span>
    </p>
   </div>
   <div class='ocr_carea' id='block_1_12' title="bbox 220 2631 1666 2689">
    <p class='ocr_par' dir='ltr' id='par_1_12' title="bbox 220 2631 1666 2689">
     <span class='ocr_line' id='line_1_36' title="bbox 220 2631 1666 2689; baseline -0.003 -13"><span class='ocrx_word' id='word_1_268' title='bbox 220 2637 261 2676; x_wconf 84' lang='lat'>4.</span> <span class='ocrx_word' id='word_1_269' title='bbox 321 2638 462 2689; x_wconf 73' lang='lat' dir='ltr'>Atque</span> <span class='ocrx_word' id='word_1_270' title='bbox 493 2636 599 2676; x_wconf 81' lang='lat' dir='ltr'>adeo</span> <span class='ocrx_word' id='word_1_271' title='bbox 633 2635 753 2689; x_wconf 84' lang='lat' dir='ltr'>quasi</span> <span class='ocrx_word' id='word_1_272' title='bbox 786 2635 1007 2688; x_wconf 79' lang='lat' dir='ltr'>praefatus</span> <span class='ocrx_word' id='word_1_273' title='bbox 1038 2634 1144 2675; x_wconf 85' lang='lat' dir='ltr'>haec</span> <span class='ocrx_word' id='word_1_274' title='bbox 1174 2634 1230 2674; x_wconf 89' lang='lat' dir='ltr'>ad</span> <span class='ocrx_word' id='word_1_275' title='bbox 1261 2632 1547 2688; x_wconf 88' lang='lat' dir='ltr'>sugillandam</span> <span class='ocrx_word' id='word_1_276' title='bbox 1579 2631 1666 2672; x_wconf 80' lang='lat' dir='ltr'>odii</span> 
     </span>
    </p>
   </div>
   <div class='ocr_carea' id='block_1_13' title="bbox 140 2711 1663 2769">
    <p class='ocr_par' dir='ltr' id='par_1_13' title="bbox 140 2711 1663 2769">
     <span class='ocr_line' id='line_1_37' title="bbox 140 2711 1663 2769; baseline -0.003 -14"><span class='ocrx_word' id='word_1_277' title='bbox 140 2731 235 2769; x_wconf 69' lang='lat' dir='ltr'>erga</span> <span class='ocrx_word' id='word_1_278' title='bbox 252 2730 326 2755; x_wconf 83' lang='lat' dir='ltr'>nos</span> <span class='ocrx_word' id='word_1_279' title='bbox 344 2715 499 2768; x_wconf 85' lang='lat' dir='ltr'>publici</span> <span class='ocrx_word' id='word_1_280' title='bbox 514 2715 801 2768; x_wconf 86' lang='lat' dir='ltr'>iniquitatem,</span> <span class='ocrx_word' id='word_1_281' title='bbox 818 2714 905 2754; x_wconf 88' lang='lat' dir='ltr'>iam</span> <span class='ocrx_word' id='word_1_282' title='bbox 920 2714 972 2754; x_wconf 89' lang='lat' dir='ltr'>de</span> <span class='ocrx_word' id='word_1_283' title='bbox 987 2727 1116 2754; x_wconf 87' lang='lat' dir='ltr'>causa</span> <span class='ocrx_word' id='word_1_284' title='bbox 1129 2713 1402 2754; x_wconf 85' lang='lat' dir='ltr'>innocentiae</span> <span class='ocrx_word' id='word_1_285' title='bbox 1417 2711 1663 2760; x_wconf 86' lang='lat' dir='ltr'>consistam,</span> 
     </span>
    </p>
   </div>
   <div class='ocr_carea' id='block_1_14' title="bbox 1686 2435 1730 2466">
    <p class='ocr_par' dir='ltr' id='par_1_14' title="bbox 1686 2435 1730 2466">
     <span class='ocr_line' id='line_1_38' title="bbox 1686 2435 1730 2466; baseline 0 -10"><span class='ocrx_word' id='word_1_286' title='bbox 1686 2435 1730 2466; x_wconf 85' lang='lat'>30</span> 
     </span>
    </p>
   </div>
  </div>
 </body>
</html>
