1827 3004
164 87 244 127 228
726 84 1127 126 TERTVLLIANI
1380 86 1439 140 [p.
1464 87 1518 128 44
1540 87 1567 128 l.
1592 89 1701 128 21-

251 214 290 255 p.
312 201 367 239 44
399 199 423 240 l.
448 201 497 239 21
533 214 564 239 c.
589 201 642 240 46
674 213 714 254 p.
742 200 824 239 128
856 199 880 239 1.
905 200 927 239 7
962 199 1009 239 of
1034 198 1342 254 philosophers,
1372 199 1470 255 quin
1503 201 1632 242 immo
1664 206 1703 242 et

165 268 260 310 deos
300 274 459 310 uestros
502 268 658 322 palam
699 267 918 308 destruunt
958 273 996 308 et
1035 268 1348 321 superstitiones
1391 275 1554 310 uestras
1596 284 1701 310 coni-

166 337 385 378 nzentariis
413 351 569 391 quoque
592 342 802 385 accusant,
827 335 1100 377 laudantibus
1127 336 1252 378 uobis.
1315 336 1478 378 Seneca
1499 337 1566 379 Fr.
1589 339 1702 379 30—

164 408 219 446 44
249 408 323 459 (111
355 405 525 446 424-’7
551 405 716 457 Haase)
748 420 822 460 eg.
855 420 921 460 ap.
944 405 1055 460 Aug.
1089 405 1141 446 de
1173 405 1254 447 eiu.
1287 407 1370 448 Dei
1398 418 1449 448 VI
1472 409 1526 448 10
1557 408 1593 461 (Ι
1618 407 1699 449 267

122 491 141 523 5
166 477 355 527 13-18)
375 490 528 523 sacros,
549 475 696 529 inquit,
719 475 977 523 inmortales,
1003 475 1271 517 inuiolabiles
1298 476 1343 516 in
1370 477 1554 518 materia
1582 477 1702 517 uilis-

163 546 273 587 sima
295 550 416 599 atque
438 544 632 585 inmobili
652 544 860 592 dedicant,
882 543 1049 585 habitus
1069 544 1158 584 illis
1185 544 1401 586 hominum
1419 544 1703 600 ferarumque

164 620 199 656 et
214 614 411 668 piscium,
435 613 611 668 quidam
632 627 730 654 uero
753 612 882 653 mioeto
903 627 1013 660 sescus,
1031 612 1214 653 diuersis
1229 613 1471 667 corporibus
1492 613 1673 655 induunt
1686 629 1702 664 ,·

166 683 342 723 numina
386 687 544 729 uocant,
581 696 686 736 quae
725 681 764 721 si
806 680 965 735 spiritu
1006 687 1169 736 accepto
1206 688 1478 730 occurrerent,
1515 688 1702 724 monstra

164 751 421 792 haberentur.
484 764 549 805 ap.
582 749 698 791 Lac‘o.
731 761 747 789 Ι
781 752 833 791 16
865 747 884 805 ξ
916 752 981 791 10.

98 837 140 860 10
250 831 455 868 ALIQVEM
488 834 519 860 c.
543 821 597 860 50
619 834 711 860 am.
736 819 883 874 aliqua
907 819 1182 873 Carthayinis
1204 821 1425 862 conditrioe.

250 904 287 944 p.
311 888 411 929 441.
436 889 489 928 23
522 887 674 928 Melito
710 887 775 940 (in
812 887 918 929 Otto
954 888 1133 944 Apolog.
1166 900 1217 929 IX
1249 892 1332 930 413
1365 890 1411 930 fr.
1446 891 1469 929 2
1490 889 1698 931 :Chron

164 957 308 998 Pasch.
331 972 370 1012 p.
393 958 477 997 483
500 956 649 1010 Dind.)
680 954 756 997 οὐκ
786 955 919 1010 ἐσμὲν
947 954 1086 997 λίθων
1114 956 1316 1011 οὐδεμίαν
1344 958 1557 1010 αἴσθησιν
1579 957 1698 1015 ἐχόν-

163 1044 248 1067 των
282 1024 569 1081 θεραπευταί·
616 1023 737 1066 ἀλλὰ
767 1022 902 1079 μόνου
939 1024 1039 1066 θεοῦ
1076 1027 1153 1067 τοῦ
1189 1024 1275 1081 πρὸ
1313 1025 1491 1068 πάντων
1521 1027 1596 1069 καὶ
1627 1027 1701 1069 ἐπὶ

162 1095 354 1145 πάντων,
376 1094 451 1136 καὶ
481 1097 557 1136 τοῦ
585 1095 786 1147 Χριστοῦ
816 1091 951 1135 αὐτοῦ
981 1093 1102 1138 ὄντος
1126 1094 1225 1136 θεοῦ
1252 1093 1388 1148 λόγου
1409 1095 1494 1149 πρὸ
1517 1095 1698 1144 αἰώνων,

100 1180 141 1211 15
163 1165 294 1218 ἐσμὲν
325 1163 605 1220 θρησκευταί.
667 1163 825 1204 Tatian
847 1165 873 1204 4
895 1161 914 1219 ξ
937 1166 960 1204 2
983 1166 1078 1207 πῶς
1101 1163 1145 1205 δὲ
1168 1163 1281 1216 ξύλα
1302 1164 1376 1206 καὶ
1405 1163 1555 1210 λίθους
1578 1165 1700 1211 θεοὺς

162 1235 502 1288 αποφανοῦμαι;
537 1233 688 1274 Melito
711 1234 781 1286 (ex
805 1232 896 1288 Syr.
920 1233 1043 1288 Apol.
1061 1235 1086 1274 3
1109 1233 1154 1273 in
1177 1233 1283 1274 Otto
1306 1246 1357 1274 IX
1379 1236 1483 1287 424)
1504 1235 1700 1284 homines,

162 1318 254 1344 cum
289 1303 412 1344 deum
454 1307 711 1357 quaererent,
748 1302 1009 1356 offenderunt
1048 1303 1094 1343 in
1137 1302 1301 1357 lapides
1337 1309 1374 1345 et
1416 1304 1588 1359 liynmn.
1650 1306 1699 1345 cf.

162 1372 375 1427 Athenag.
402 1370 452 1412 17
477 1371 545 1423 (es.
570 1372 644 1424 15)
665 1373 720 1424 Γγῆ
743 1372 883 1412 ταῦτα
912 1370 986 1412 καὶ
1014 1369 1132 1412 λίθοι
1161 1371 1235 1412 καὶ
1263 1371 1359 1423 ὕλη.
1421 1372 1555 1415 Clem.
1578 1374 1697 1415 Alex.

163 1441 351 1496 Protrep.
375 1442 401 1480 4
422 1439 441 1496 ξ
465 1442 516 1481 56
549 1438 717 1496 χρυσός
749 1441 845 1481 ἐστι
874 1439 922 1482 τὸ
952 1439 1136 1494 ἄγαλμά
1164 1458 1257 1490 σου,
1290 1441 1422 1494 ξύλον
1446 1442 1552 1492 ἐστί,
1577 1442 1700 1489 λίθος

98 1527 141 1548 20
163 1507 270 1556 ἐστί,
303 1512 359 1562 «γῆ
393 1506 528 1550 ἐστίν.
590 1508 813 1563 Theophil.
837 1520 851 1548 Ι
877 1511 911 1549 1.
973 1508 1128 1550 Ιηεῂὶη.
1161 1509 1286 1565 Apol.
1317 1521 1332 1550 Ι
1361 1512 1396 1552 9.
1458 1510 1567 1552 Dial.
1601 1527 1696 1553 cum

162 1579 317 1634 Tryph.
342 1580 408 1620 35.
453 1578 531 1633 Ep.
554 1578 607 1618 ad
629 1577 831 1634 Diognet.
857 1580 892 1619 2.
937 1579 986 1619 cf.
1009 1578 1161 1619 Melino
1183 1594 1214 1620 c.
1239 1582 1263 1618 4
1285 1594 1325 1634 p.
1348 1581 1429 1621 425
1453 1581 1537 1621 and
1561 1580 1700 1622 Oito's

161 1663 199 1688 n.
244 1649 326 1687 114
367 1648 425 1702 (p.
468 1649 551 1688 463
595 1648 651 1700 5).
712 1647 870 1687 Arnob.
913 1659 962 1688 VI
1006 1651 1058 1688 14
1097 1650 1148 1689 16
1188 1647 1253 1689 17.
1315 1648 1432 1691 Lact.
1471 1661 1504 1690 11
1544 1652 1567 1690 2
1606 1648 1625 1706 g
1663 1654 1697 1692 1.

161 1728 190 1756 V
215 1719 267 1756 12
289 1714 308 1771 ξ
332 1718 384 1756 12
408 1731 501 1758 cum
523 1717 590 1757 (lis
610 1717 699 1757 suis
720 1717 947 1758 araneosis.
992 1716 1121 1758 Keim
1144 1732 1198 1758 on
1221 1717 1383 1773 Origen
1400 1733 1432 1760 c,
1451 1718 1560 1761 Cels.
1584 1731 1599 1759 Ι
1620 1719 1639 1774 ξ
1661 1723 1697 1761 5.

161 1797 228 1825 vn
258 1784 363 1841 §62
397 1797 450 1825 ΠΙ
478 1784 517 1842 ἐξ
540 1785 591 1827 76
616 1787 639 1827 f.

99 1869 140 1900 25
248 1870 286 1909 p.
310 1854 409 1894 441.
434 1856 488 1895 24
520 1866 653 1895 MILVI
689 1860 768 1896 cet.
831 1854 965 1896 Clem.
1001 1855 1128 1896 Hom.
1166 1866 1198 1895 X
1234 1855 1518 1897 22.Μί11110.
1551 1859 1605 1897 24
1633 1856 1651 1913 ἓ
1676 1861 1695 1898 1

163 1929 316 1978 quanto
340 1925 482 1965 uerius
504 1925 554 1965 de
571 1924 637 1965 dis
663 1925 810 1966 uestris
832 1925 1045 1966 animalia
1066 1931 1184 1966 muta
1202 1926 1458 1968 naturaliter
1477 1927 1699 1969 iudicant?

162 2008 302 2034 mures
322 1993 572 2034 hirundines
599 1994 735 2041 milui,
759 2008 839 2034 non
867 1994 1020 2035 sentire
1048 2009 1113 2035 eos
1140 1995 1287 2043 sciunt,
1308 2001 1460 2036 norunt
1487 1996 1701 2037 inculcant

161 2062 345 2103 insident
386 2077 445 2112 ac,
490 2063 574 2103 nisi
613 2063 805 2117 abieratis,
847 2063 892 2103 in
934 2063 1025 2117 ipso
1071 2063 1140 2105 dei
1185 2065 1312 2105 uestri
1353 2079 1423 2106 ore
1464 2065 1698 2120 nidificant.

163 2146 346 2172 araneae
383 2147 477 2173 uero
508 2132 673 2186 faciem
709 2133 797 2174 eius
830 2133 1020 2173 inteoeunt
1052 2138 1090 2174 et
1130 2132 1180 2174 de
1216 2135 1306 2188 ipso
1337 2133 1473 2188 capite
1503 2149 1581 2175 sua
1613 2135 1697 2190 fila

99 2217 143 2248 30
161 2202 430 2256 suspendunt,
462 2217 537 2243 uos
568 2203 730 2257 teryitis
761 2196 987 2243 mundati-53
1009 2202 1198 2244 eraditis.
1259 2203 1418 2244 Arnob.
1450 2215 1498 2243 VI
1532 2206 1584 2245 16
1616 2220 1697 2246 non

167 2271 314 2311 uidetis
341 2271 414 2311 sub
445 2272 622 2312 istorum
651 2271 981 2312 simulacrorum
1011 2272 1152 2313 caueis
1182 2272 1393 2313 stelliones
1413 2272 1565 2313 sorices
1592 2273 1698 2314 blat-

163 2345 304 2393 tasque
327 2339 540 2393 lucifuyas
560 2340 808 2381 nidamenta
827 2355 983 2395 ponere
1005 2347 1126 2395 atque
1147 2340 1349 2390 habitare,
1371 2342 1599 2395 spurcitias
1620 2342 1699 2384 huc

164 2422 301 2448 omnes
329 2414 450 2462 atque
478 2408 567 2448 alia
601 2409 739 2449 usibus
760 2409 1074 2450 accommodata
1104 2409 1630 2451 conducere...nidulorum
1653 2411 1697 2451 in

164 2476 381 2517 mollitiem
413 2476 588 2518 sollicite
620 2477 871 2518 miserorum
899 2476 1092 2532 fomenta
1120 2479 1373 2532 pullorum?
1431 2494 1511 2520 non
1548 2479 1593 2519 in
1627 2495 1699 2521 ore

101 2553 142 2584 35
164 2543 394 2597 aliquando
435 2545 659 2586 simulacri
695 2545 746 2586 ab
783 2545 955 2586 araneis
996 2546 1136 2586 ordiri
1175 2547 1283 2587 retia
1319 2553 1440 2601 atque
1475 2547 1696 2589 insidiosos

164 2628 297 2654 casses
318 2613 464 2667 quibus
486 2615 649 2655 uolatus
670 2615 875 2656 innectere
890 2615 1176 2656 stridularum
1190 2617 1354 2671 possint
1369 2617 1694 2671 impudentium-

165 2696 240 2736 que
276 2684 544 2723 mascarum?
603 2699 684 2725 non
720 2684 968 2726 hirundines
1003 2685 1178 2740 denique
1217 2686 1334 2727 intra
1373 2686 1486 2741 ipsos
1525 2687 1696 2728 aedium

165 2751 512 2793 circumuolantes
548 2753 679 2794 tholos
719 2753 953 2795 iacularier
986 2755 1181 2796 stercoris
1221 2755 1457 2809 ‡splenas‚‡
1497 2760 1533 2797 et
1572 2754 1695 2797 niodo
