1827 3004
92 132 134 173 p.
161 118 262 160 261.
288 119 358 171 25]
619 118 1056 160 APOLOGETICVS
1090 120 1113 160 7
1558 121 1631 160 191

90 235 324 290 deneyauit,
348 235 617 276 Christianus
637 236 764 276 etiam
787 241 906 277 θανῇ-α
928 234 992 287 (in
1016 234 1090 275 ‘che
1113 240 1248 282 omer,
1273 234 1461 275 heathen
1485 234 1635 287 world)

81 304 232 359 fidelis
254 310 442 345 uocatur.

180 388 218 428 p.
252 374 304 413 26
337 372 360 414 l.
394 375 418 413 8
451 383 556 413 PlAE
587 372 641 412 ad
671 379 756 413 nat.
782 384 795 413 1
820 372 842 413 7
868 387 905 428 p.
931 374 984 413 68
1009 375 1061 413 25
1089 372 1211 413 Wiss.
1234 387 1386 428 proves
1420 372 1507 413 this
1539 374 1633 424 (not

92 441 271 496 impiae)
294 447 338 482 to
360 441 412 482 be
435 441 509 482 the
532 449 628 482 true
656 441 857 496 reading:
890 457 960 482 oro
993 457 1075 490 uos,
1097 443 1307 483 eoetraneis
1336 442 1445 483 uncle
1472 443 1634 491 notitia,

91 525 186 552 cum
215 511 341 551 etiam
372 510 485 551 iusta
517 516 554 551 et
582 510 702 551 licita
732 511 934 564 mysteria
965 525 1127 551 omnem
1157 510 1367 551 arbitrum
1390 516 1632 551 extraneum
1653 529 1671 559 5

91 579 299 621 caueant?

180 658 492 688 INITIATIONES
524 646 592 688 LS
615 647 715 701 only
737 661 816 687 one
839 662 901 687 ex.
926 647 1100 700 (Suet).

182 727 394 757 ARCEANT
425 727 661 757 PROFANOS
694 716 797 757 Hor.
820 732 854 757 c.
876 728 929 756 111
956 720 974 757 1
1004 720 1023 757 1
1056 717 1128 758 odi
1152 716 1387 772 profanum
1419 717 1572 772 uulgus
1601 723 1638 759 et

95 801 225 827 arceo.

181 870 220 909 p.
244 856 296 895 26
320 854 343 894 l.
368 856 391 895 9
416 865 507 895 NISI
529 866 569 894 SI
602 856 627 895 3
652 854 759 895 med.
787 858 835 895 11
862 870 952 910 ppr.
1657 876 1698 898 10

183 938 221 978 p.
246 924 298 963 26
327 923 352 963 l.
383 927 433 963 10
463 923 517 963 ad
544 930 630 963 nat.
664 934 679 962 Ι
712 923 732 963 7
767 938 806 978 p.
837 925 889 965 67
915 926 939 965 6
964 924 1088 965 VViss.
1156 924 1318 979 Symm.
1350 940 1414 980 ep.
1444 936 1498 965 ΙΙΙ
1527 926 1580 966 45
1613 928 1633 965 1

95 1008 200 1034 ‘uera
218 1008 283 1034 res
304 992 549 1048 estfcimcim
570 1007 653 1034 esse
675 994 863 1035 uelocem.
916 993 1078 1049 [Pelag.
1097 994 1141 1034 in
1164 997 1184 1034 1
1205 995 1350 1036 Thess.
1371 998 1406 1043 1,
1425 997 1460 1036 8.
1506 995 1556 1036 A.
1575 995 1637 1048 S.]

182 1075 220 1116 p.
246 1062 298 1102 26
321 1061 345 1101 l.
367 1064 420 1101 12
443 1061 522 1102 Ou.
542 1061 641 1102 fast-i
659 1073 706 1101 IV
726 1064 806 1103 311
827 1063 989 1103 conscia
1008 1078 1121 1104 meus
1137 1064 1404 1118 rectissimae
1417 1064 1637 1106 mendacia

92 1131 202 1171 risit.

183 1214 222 1254 p.
247 1201 299 1240 26
330 1199 353 1240 l.
378 1201 430 1239 13
462 1199 541 1240 Ou.
576 1215 629 1240 m.
666 1211 735 1240 XII
771 1202 912 1241 56—8
951 1215 970 1241 e
1003 1200 1150 1255 quibus
1185 1200 1231 1241 Izi
1263 1216 1423 1243 uacuus
1463 1202 1640 1256 implent
1659 1220 1698 1250 15

92 1268 353 1310 sermonibus
374 1283 509 1316 aures,
530 1268 575 1309 lii
596 1275 778 1310 narrata
790 1269 944 1324 ferunt
965 1270 1061 1318 ulio,
1084 1271 1473 1325 meusuraqueficti
1493 1271 1640 1312 crescii

95 1343 134 1379 et
156 1337 315 1378 auditis
336 1337 502 1392 aliquid
526 1353 656 1379 nouus
677 1338 811 1379 adicit
831 1345 988 1380 auctor.

186 1420 223 1460 p.
244 1407 296 1446 26
317 1405 339 1446 l.
360 1407 413 1445 14
436 1417 494 1446 EA
511 1417 603 1446 ILLI
620 1417 839 1447 CONDICIO
857 1413 936 1448 cet.
984 1407 1033 1447 cf.
1051 1407 1105 1447 ad
1128 1414 1214 1448 nat.
1233 1419 1248 1448 1
1269 1408 1290 1448 7
1309 1423 1347 1464 p.
1367 1408 1419 1450 67
1444 1411 1495 1449 10
1515 1408 1638 1450 Wiss.

186 1485 278 1515 NON
302 1485 394 1514 NISI
416 1481 494 1515 cet.
519 1475 678 1516 Minue.
703 1477 757 1516 28
778 1474 797 1531 ξ
821 1477 842 1515 7
868 1491 937 1517 nee
959 1484 1097 1517 tumen
1124 1477 1291 1525 mirum,
1309 1492 1402 1518 cum
1424 1477 1639 1519 hominum

83 1544 231 1600 saona,
263 1559 368 1598 quae
398 1559 559 1599 semper
590 1544 801 1599 insparsis
830 1545 1062 1586 mendaciis
1092 1546 1238 1594 alitur,
1269 1554 1430 1588 ostensu
1462 1548 1639 1589 ueritate
1659 1567 1702 1589 20

99 1615 382 1656 consumitur:
412 1614 471 1656 sic
500 1620 558 1655 est
584 1615 795 1669 negotium
823 1614 1071 1656 daemonum
1089 1631 1100 1656 .·
1131 1615 1183 1656 cib
1214 1616 1320 1670 ipsis
1351 1617 1463 1658 enim
1493 1632 1640 1658 rumor

86 1683 236 1738 falsus
271 1689 307 1724 et
342 1684 498 1725 seritur
533 1690 570 1725 et
595 1684 783 1739 foetetur.
847 1684 915 1725 On
952 1699 1149 1726 rumours
1189 1685 1360 1741 against
1398 1685 1640 1728 Christians

99 1753 312 1808 Athenag.
338 1755 375 1801 2,
397 1753 511 1794 cited
533 1768 587 1793 on
609 1768 647 1808 p.
672 1755 726 1792 28
749 1753 772 1793 l.
799 1756 833 1793 1.

186 1837 224 1877 p.
249 1824 301 1863 26
324 1822 348 1863 l.
374 1823 423 1862 17
448 1833 504 1862 ET
527 1833 704 1862 EXINDE
727 1829 805 1863 eet.
868 1823 916 1863 ef.
939 1822 993 1863 ad
1014 1829 1102 1863 nat.
1125 1834 1140 1863 1
1166 1822 1187 1863 7
1210 1838 1250 1878 p.
1275 1823 1327 1865 67
1354 1827 1406 1866 13
1431 1824 1553 1866 Wiss.

185 1906 224 1946 p.
248 1893 300 1932 26
331 1891 354 1931 l.
381 1894 432 1931 18
462 1903 600 1932 VERBI
629 1903 799 1932 GRAT1A
821 1892 937 1947 bapt.
964 1895 1013 1933 11
1038 1908 1077 1948 p.
1102 1895 1181 1933 211
1210 1896 1259 1933 11
1286 1893 1410 1935 VViss.
1469 1895 1523 1935 ad
1552 1901 1638 1935 nat.
1660 1909 1701 1940 25

99 1971 115 2000 1
139 1962 162 2000 2
192 1975 228 2015 p.
254 1961 304 2001 61
333 1963 352 2000 1
381 1960 504 2001 Wiss.
530 1960 551 2000 7
576 1976 635 2016 pr.
667 1960 831 2001 Paulin.
863 1961 960 2001 Nol.
990 1976 1054 2017 ep.
1085 1963 1139 2003 39
1164 1962 1200 2002 7.
1263 1961 1349 2004 Cic.
1379 1963 1449 2004 fin.
1480 1975 1510 2003 V
1537 1962 1557 2019 ἓ
1585 1966 1640 2004 30

94 2029 305 2084 (exempli
328 2044 388 2084 gr.
411 2030 478 2069 off.
502 2040 555 2069 ΙΙΙ
577 2027 596 2085 ξ
618 2032 704 2081 50).

186 2112 224 2152 p.
249 2099 301 2138 26
324 2098 348 2138 1.
373 2099 421 2137 21
448 2109 507 2138 AN
533 2109 654 2138 VERO
676 2106 754 2139 cet.
816 2099 865 2139 cf.
888 2099 942 2140 ad
963 2106 1051 2140 nat.
1075 2111 1089 2140 1
1115 2099 1137 2140 7
1160 2116 1199 2155 p.
1224 2103 1276 2142 67
1303 2102 1353 2143 17
1380 2101 1502 2143 Wiss.

186 2181 225 2221 p.
261 2168 313 2208 26
351 2167 374 2207 l.
408 2168 461 2207 23
500 2179 689 2208 ΑΜΒΙΤΙΟ
726 2168 1000 2210 eircuit=ad
1034 2176 1121 2210 nat.
1156 2181 1171 2210 Ι
1211 2169 1232 2211 7
1267 2185 1307 2226 p.
1340 2170 1392 2212 67
1429 2173 1480 2212 19
1515 2171 1637 2212 Wiss.

101 2234 260 2276 Oehler
281 2249 335 2275 on
356 2234 453 2275 idol.
479 2238 498 2276 1
525 2250 584 2290 pr.
607 2250 645 2290 p.
670 2237 736 2277 67.
1660 2253 1702 2283 30

185 2319 224 2358 p.
248 2305 300 2345 26
324 2304 348 2344 l.
372 2305 425 2343 24
448 2316 821 2346 ASSEVERATIONE
843 2321 964 2361 paen.
988 2309 1013 2347 4
1038 2307 1062 2347 f.
1123 2308 1176 2348 ad
1198 2315 1284 2349 nat.
1309 2320 1343 2349 ΙΙ
1367 2311 1392 2349 4
1415 2324 1453 2364 p.
1478 2324 1531 2349 m.

186 2387 224 2427 p.
250 2373 302 2413 26
326 2372 350 2413 l.
374 2374 425 2412 25
450 2383 647 2414 NECESSE
669 2385 748 2414 EST
770 2374 875 2415 with
898 2376 1006 2430 subj.
1031 2375 1117 2417 Cic.
1142 2376 1264 2418 Lucr.
1289 2377 1407 2419 Lact.

187 2451 364 2480 EXINDE
386 2448 466 2481 cet.
526 2442 574 2482 cf.
597 2442 651 2482 ἃᾶ
673 2449 759 2483 nat.
784 2454 799 2483 Ι
824 2443 845 2484 7
870 2459 907 2498 p.
933 2446 983 2485 67
1011 2446 1064 2485 20
1088 2445 1210 2485 Wiss.

187 2519 422 2550 TRADVCES
440 2524 617 2565 praescr.
633 2511 744 2552 haer.
761 2514 814 2553 32
827 2513 1009 2566 proinde
1026 2514 1166 2568 utique
1182 2520 1219 2555 et
1236 2520 1392 2556 ceterae
1407 2515 1639 2567 (ecclesiae)

100 2576 296 2625 exhibent,
322 2592 424 2632 quos
451 2579 502 2619 ab
535 2580 738 2633 apostolis
770 2581 813 2620 in
847 2581 1132 2636 episcopatum
1159 2583 1399 2624 constitutos
1424 2585 1640 2638 apostolici
1659 2599 1700 2630 35

100 2646 272 2686 seminis
303 2647 497 2688 traduces
526 2647 713 2690 habeant.
775 2649 829 2690 ἃᾶ
864 2656 949 2690 nat.
989 2662 1003 2689 Ι
1039 2652 1064 2690 4
1099 2665 1158 2705 pr.
1192 2652 1300 2692 muli
1331 2653 1522 2694 nominis.
1587 2657 1637 2694 12

101 2728 141 2769 p.
164 2716 218 2755 83
245 2715 268 2755 l.
294 2717 317 2755 2
341 2715 464 2757 Wiss.
494 2719 545 2757 16
568 2732 607 2772 p.
631 2718 683 2758 87
713 2718 736 2758 1.
768 2720 818 2758 21
852 2719 976 2760 Wiss.
1006 2725 1064 2761 tot
1088 2722 1355 2775 eompctyines
1379 2723 1555 2776 yeueris
1584 2729 1641 2764 tot

97 2782 200 2824 ‘inde
222 2783 415 2825 traduces
438 2785 495 2825 ud
515 2786 727 2827 incestum.
