1827 3004
177 99 256 138 200
740 99 1139 141 TERTVLLIANI
1392 99 1449 152 [p.
1477 97 1576 138 301.
1601 97 1708 137 28—

175 210 336 253 Saburn
367 213 482 255 Lact.
506 226 535 254 V
559 216 582 255 6
608 216 631 255 6
654 213 738 254 and
765 213 799 254 7.
854 224 867 253 Ι
893 215 943 253 21
970 215 1008 254 3.
1068 213 1167 253 qu.
1191 215 1242 253 15
1269 213 1350 253 116
1372 227 1411 253 n.
1474 212 1574 252 Eus.
1595 210 1704 251 laud.

176 279 321 322 Consi.
359 285 411 323 13
451 284 515 323 16.
578 283 755 323 Human
792 281 1008 336 Offerings
1049 281 1170 321 Zahn
1203 281 1511 336 Forschungen
1546 291 1576 319 V
1615 281 1709 320 188.

174 348 214 389 J.
238 349 413 399 Reville‚
436 350 504 391 die
528 350 725 405 Religion
748 349 794 390 in
813 350 922 390 Rom
940 356 1069 390 unber
1085 350 1168 390 den
1190 349 1378 390 Severen
1396 349 1559 404 (Leipz.
1578 350 1709 399 1888)

174 432 213 471 p.
237 420 288 460 99
312 434 351 459 n.
376 423 395 459 1
423 419 502 461 127
527 435 565 461 n.
584 422 623 460 4.
683 419 724 460 J.
747 419 953 460 Geffcken
975 418 1089 460 Zwei
1111 418 1382 474 Apologeben
1404 418 1558 471 (1907)
1580 432 1620 472 p.
1644 420 1709 458 66.

133 501 152 532 5
259 504 296 544 p.
330 492 384 530 30
417 490 442 530 l.
470 492 521 531 31
557 501 616 530 DE
649 500 966 530 CRVDELITATE
1000 491 1023 529 5
1056 504 1110 530 m.
1143 488 1425 537 Domitianus,
1455 488 1592 542 portio
1623 486 1708 527 Ne-

172 559 287 598 ronis
317 558 367 600 (le
398 559 654 608 crudelitate,
676 559 747 600 sed
769 573 853 613 qua
875 564 912 599 et
942 558 1074 599 homo.
1135 557 1298 598 Sat-‚um
1330 556 1500 612 against
1522 557 1708 603 Uranus,

172 627 371 682 Iuppiter
391 629 561 684 against
584 629 747 670 Saburn
770 628 889 684 Orig.
914 643 947 668 c.
971 627 1082 669 Cels.
1104 639 1119 667 Ι
1144 626 1210 667 17.

259 711 298 751 p.
330 699 384 738 30
422 698 444 738 l.
483 700 536 738 32
573 697 769 738 Philosbr.
804 697 945 752 Apoll.
979 708 1027 736 IV
1062 698 1087 736 8
1122 696 1306 736 ascribes
1339 694 1621 736 cannibalism
1664 700 1708 734 to

173 763 361 805 winches.
422 765 536 806 Socr.
567 777 621 806 III
655 768 677 805 2
709 763 748 821 ἐξ
780 767 817 812 2,
849 768 873 805 5
907 779 1007 805 men
1040 764 1257 805 sacrificed
1292 770 1336 804 to
1370 763 1566 804 Mithras.

114 847 154 869 10
261 847 300 887 p.
323 835 375 873 32
399 834 425 873 l.
447 836 472 874 3
504 845 804 875 PRAESIDIBVS
836 833 947 874 infra
969 835 1023 875 30
1046 834 1072 874 f.
1094 839 1223 889 spect.
1247 835 1302 874 30
1324 848 1364 889 p.
1387 835 1440 873 28
1459 833 1484 873 l.
1507 834 1559 872 23
1584 831 1709 872 Wiss.

167 902 388 955 praesides
413 909 697 957 persecutores
728 902 931 944 dominici
960 902 1143 943 nominis
1173 901 1434 943 saeztioribas
1464 916 1593 955 quam
1625 900 1710 954 ipsi

162 971 357 1024 flammis
387 972 628 1013 saeaiemnt
663 972 912 1013 insultantes
953 977 1099 1013 contra
1143 971 1404 1012 Christianos
1438 971 1709 1025 liquescentes.

172 1040 224 1080 (le
251 1040 346 1081 idol.
372 1043 425 1082 23
455 1056 496 1096 p.
518 1043 571 1082 56
594 1041 618 1081 l.
643 1043 695 1081 12
720 1040 843 1081 Wiss.
906 1040 1029 1096 Kaye
1052 1042 1119 1081 48.
1181 1040 1316 1081 Blunt
1338 1039 1474 1095 Right
1500 1039 1590 1081 Use
1613 1041 1708 1080 335.

173 1109 244 1163 [O.
276 1110 534 1160 Hirschfeld,
568 1110 650 1151 Die
684 1109 981 1151 Kaiserlichen
1009 1109 1515 1165 Verwalbungsbeamten
1542 1109 1608 1150 bis
1636 1109 1715 1150 auf

112 1191 151 1221 15
173 1178 415 1220 I)iocle‘cian
437 1182 481 1229 (2
505 1180 638 1233 Aufl.)
659 1195 729 1235 pp.
751 1182 833 1221 385
852 1179 892 1220 ff.
961 1180 1010 1220 A.
1034 1178 1096 1232 S]

258 1264 297 1304 p.
320 1251 373 1289 32
397 1249 421 1289 l.
444 1252 467 1290 5
491 1260 805 1297 EXTORQVETIS
837 1251 892 1290 30
916 1249 940 1290 f.
963 1254 1195 1303 eoetorquete
1224 1249 1415 1289 animam
1443 1248 1517 1289 deo
1545 1248 1707 1303 suppli-

171 1323 330 1359 cantem
355 1333 437 1373 pro
468 1319 732 1373 imperatore.

256 1402 294 1442 p.
318 1388 419 1428 321.
443 1389 466 1429 6
497 1398 692 1428 CANIBVS
724 1386 806 1428 Ou.
829 1386 914 1427 her.
945 1388 996 1426 11
1028 1387 1169 1427 83—4
1198 1386 1365 1440 iamque
1393 1386 1495 1426 dari
1517 1401 1707 1441 paruum

171 1456 420 1511 canibusque
449 1456 675 1510 actibusque
701 1461 888 1511 nepotem
915 1455 1096 1496 iusserat
1124 1455 1170 1495 in
1197 1455 1299 1496 solis
1326 1455 1574 1510 destituique
1597 1455 1707 1496 locis.

109 1542 152 1564 20
172 1524 266 1565 Ter.
290 1525 471 1580 Hecyra.

259 1606 501 1636 EXPONITIS
523 1601 604 1636 cet.
625 1595 679 1636 ad
700 1601 789 1636 na‘n.
816 1606 833 1634 I
862 1597 913 1634 15
942 1593 1105 1635 Herald
1132 1609 1203 1649 pp.
1227 1596 1397 1635 206—8
1419 1594 1503 1634 and
1526 1596 1708 1636 64—65.

173 1664 291 1720 Orig.
305 1680 337 1705 c.
356 1664 464 1706 Cels.
482 1677 568 1705 VIII
590 1664 609 1721 ἓ
632 1668 682 1706 55
703 1665 729 1705 f.
780 1664 939 1705 Minue.
955 1666 1010 1705 30
1026 1662 1045 1720 ξ
1062 1666 1085 1704 2
1103 1679 1178 1705 ‘usos
1194 1665 1305 1705 enini
1326 1664 1446 1705 uideo
1466 1671 1708 1719 procreatos

164 1734 282 1788 filios
306 1749 414 1775 nnnc
433 1733 550 1789 feris
574 1740 611 1776 et
643 1733 792 1774 auibus
823 1748 1032 1788 conponere,
1053 1747 1162 1774 nanc
1188 1732 1532 1787 adstranyulatos
1557 1734 1707 1774 misero

172 1802 319 1842 mortis
333 1817 479 1856 ywere
493 1802 665 1844 elidere:
697 1808 792 1843 sunt
809 1817 914 1856 quae
930 1802 976 1842 in
992 1802 1097 1856 ipsis
1114 1801 1340 1842 uisceribus
1361 1801 1708 1843 medicaminibus

110 1891 150 1922 25
172 1871 302 1924 epotis
334 1871 539 1925 ori'qinem
560 1870 711 1926 futuri
741 1871 922 1911 hominis
953 1870 1219 1924 ea‘stinqqzcant
1250 1876 1287 1911 et
1312 1871 1603 1924 parricidinni
1628 1870 1706 1925 fa-

171 1941 284 1981 ciant
315 1947 410 1982 ante
440 1956 566 1995 qaam
592 1941 783 1995 pariant.
846 1946 883 1982 et
909 1940 1009 1981 haec
1034 1940 1176 1994 utique
1203 1940 1253 1980 de
1279 1939 1451 1980 deornm
1472 1946 1707 1981 uestrorum

171 2010 402 2064 disciplina
432 2010 692 2051 descendant.
753 2025 854 2050 nani
884 2009 1098 2050 Saturnus
1118 2009 1241 2063 filios
1271 2023 1366 2050 suos
1397 2024 1473 2050 non
1507 2011 1707 2064 eoeposuz't,

170 2080 240 2120 sed
275 2081 451 2121 [sorduit.
513 2080 562 2121 ef.
594 2082 646 2121 31
680 2078 699 2135 ξ
729 2081 768 2121 3.
827 2094 942 2120 conc.
964 2079 1120 2133 Ancyr.
1146 2093 1176 2119 c.
1203 2080 1268 2118 21.
1329 2078 1545 2135 Athenag.
1568 2080 1705 2135 suppl.

172 2150 224 2189 35
260 2149 331 2189 fin.
368 2149 441 2190 καὶ
477 2149 516 2190 οἱ
549 2148 626 2192 τὰς·
659 2151 750 2193 τοῖς
782 2147 1128 2201 ἀμβλωθριδίοις
1162 2147 1389 2203 χρωμένας
1427 2147 1706 2204 ἅνδροφονεῖν

109 2239 153 2270 30
173 2235 219 2259 τε
253 2217 326 2259 καὶ
357 2217 491 2271 λόγον
529 2217 701 2273 ὑφέξειν
733 2219 808 2267 τῆς
841 2215 1167 2270 ἐξαμβλώσεως
1199 2218 1257 2270 τῷ
1289 2216 1370 2271 θεῷ
1402 2220 1558 2272 φαμεν,
1593 2217 1703 2258 κατά

172 2288 299 2327 ποῖον
342 2285 691 2342 (ι’νδροφονοῦμεν
723 2285 882 2339 λόὙον,·
926 2283 974 2325 οὐ
1008 2283 1090 2337 Γγὰρ
1125 2285 1202 2324 τοῦ
1234 2284 1370 2325 αὐτοῦ
1407 2283 1593 2337 νομίζειν
1628 2286 1705 2336 μὲν

171 2353 242 2394 καὶ
268 2352 315 2394 τὸ
348 2353 459 2395 κατὰ
492 2352 685 2408 ’γαστρὸς
719 2354 823 2409 ζῷον
855 2353 964 2395 εἶναι
997 2353 1070 2395 καὶ
1104 2352 1171 2394 διὰ
1201 2356 1330 2395 τοῦτο
1358 2354 1507 2407 μέλειν
1530 2357 1590 2409 τῷ
1612 2355 1705 2408 θεῷ,

171 2423 241 2462 καὶ
264 2423 606 2477 παρεληλυθότα
628 2422 686 2466 εἰς
716 2421 790 2463 τὸν
819 2421 921 2470 βίον
951 2423 1159 2476 φονεύειν,
1181 2422 1254 2463 καὶ
1286 2421 1344 2474 μὴ
1378 2421 1594 2464 ἐκτιθέναι
1626 2423 1704 2476 μὲν

172 2490 217 2531 τὸ
250 2491 463 2544 γεννηθέν,
487 2492 542 2535 ὡς
572 2493 656 2533 τῶν
688 2491 941 2534 ἐκτιθέντων
973 2490 1382 2540 τεκνοκτονούντων,
1406 2493 1545 2534 ’πάλιν
1577 2492 1622 2533 δὲ
1654 2491 1703 2533 τὸ

109 2581 149 2611 35
172 2560 336 2614 τραφὲν
368 2558 576 2615 ἀναιρεῖν·
612 2558 712 2600 ἀλλ’
736 2560 868 2613 ἐσμὲν
898 2559 1047 2601 πάντα
1076 2562 1309 2614 πανταχοῦ
1335 2560 1476 2613 ὅμοιοι
1499 2561 1571 2601 καὶ
1601 2561 1703 2609 ἴσοι,

172 2627 446 2673 δουλεύοντες
474 2631 533 2683 τῷ
553 2628 672 2684 λόγῳ
702 2630 773 2670 καὶ
804 2629 882 2670 οὐκ
904 2628 1113 2684 ἄρχοντες
1136 2628 1277 2670 αὐτοῦ.
1339 2644 1403 2684 ep.
1424 2629 1477 2669 ad
1500 2629 1652 2685 Diogn.
1678 2634 1700 2670 5

170 2712 209 2752 p.
251 2696 354 2738 497¹)
394 2698 460 2749 (of
496 2698 757 2751 Christians)
800 2699 849 2740 οὐ
891 2697 1101 2752 ῥίπτουσι
1139 2696 1193 2738 τὰ
1230 2698 1485 2751 «γεννώμενα.
1546 2698 1699 2739 lustin.

170 2766 276 2820 apol.
306 2777 321 2806 Ι
357 2766 407 2806 27
436 2781 495 2821 pr.
524 2765 640 2818 ἡμεῖς
674 2765 729 2815 δέ,
767 2766 835 2807 ἵνα
865 2765 1028 2819 μηδένα
1061 2765 1283 2818 διώκωμεν
1312 2765 1422 2819 μηδὲ
1454 2766 1698 2820 (ἱσεΒῶμεν,
