1827 3004
46 84 89 126 p.
118 74 199 113 120
220 71 247 114 l.
272 73 312 126 3]
510 74 947 117 APOLOGETICVS
978 78 1047 126 40,
1080 78 1130 116 41
1502 76 1586 115 413

51 185 117 226 De
149 185 292 241 Lapsu
316 186 432 242 Virg.
456 189 481 227 8
508 185 527 242 ἓ
555 189 609 228 35
639 194 769 229 totum
802 204 951 243 corpus
982 190 1151 231 incuria
1183 195 1220 230 et
1254 189 1422 230 ieiuniis
1454 204 1585 230 mace-

50 260 178 303 retur,
214 255 350 296 cinere
389 256 638 310 adspersum
676 263 713 298 et
747 264 935 311 opertum
974 259 1111 300 cilicio
1148 259 1453 313 perhorrescat,
1486 259 1586 312 quia

52 324 163 365 ‘mate
190 324 270 365 sibi
295 325 344 365 de
377 325 691 379 pulchritudine
719 327 895 380 placuit.
971 327 1146 368 Maxim.
1176 328 1349 369 Taurin.
1379 328 1504 367 Hom.
1533 327 1585 368 de

54 392 239 434 Litaniis
282 394 340 446 [=
358 394 519 450 Migne,
553 394 596 435 P.
620 395 665 435 L.
705 406 799 435 LVII
839 394 952 436 459¹).
1019 396 1157 450 A.S.].
1224 397 1341 437 Hier.
1376 396 1499 452 epist.
1534 395 1584 436 77

53 460 74 516 ξ
103 463 130 502 4
161 468 196 514 (Ι
227 477 268 518 p.
299 461 435 516 455d).
497 463 638 504 Ruric.
673 478 737 519 ep.
773 466 824 504 21
860 471 904 505 ut
934 465 1144 519 deponant
1169 466 1327 507 saeculi
1355 465 1523 520 byrrum
1554 470 1627 509 et5

55 537 223 572 sumant
263 532 455 574 ecclesiae
496 533 798 580 uestimentum,
842 533 950 587 quod
992 540 1049 575 est
1091 535 1286 582 cilicium,
1331 534 1590 575 contritionis

56 599 274 642 indicium.
327 601 451 656 Greg.
475 602 578 642 Naz.
598 602 668 643 Or.
694 605 712 642 1
740 603 793 656 [=
814 604 837 642 2
860 602 879 657 ξ
901 604 967 650 59,
990 603 1148 658 Migne,
1168 603 1211 644 P.
1229 603 1278 644 G.
1303 615 1435 643 XXXV
1458 601 1589 644 469ab.

58 669 200 723 R.W.]
225 670 268 711 ἐν
290 670 442 724 σποδῷ
467 671 540 712 καὶ
563 670 743 714 σάκκοις
768 671 841 712 καὶ
863 672 966 712 λίαν
985 675 1198 716 ταπεινῶς
1217 673 1329 713 κατὰ
1346 676 1424 724 «γῆς
1447 673 1589 728 ἐρριμ-

57 738 220 790 μένους.
266 738 424 781 Concil.
449 739 643 795 Mogunt.
667 756 758 781 can.
780 742 818 780 4.
863 741 1037 781 Herald.
1061 740 1386 796 DIgressionum
1410 741 1435 781 l.
1459 752 1491 780 II
1515 756 1546 780 e.
1566 742 1591 780 4

58 807 130 860 (ad
154 808 253 848 cale.
274 809 395 864 Apol.
421 811 502 849 275
526 811 616 864 sq).
674 809 890 864 Bingham
914 821 1035 850 XVIII
1060 812 1082 849 2
1105 808 1179 865 ξ2.
1236 810 1379 852 Sidon.
1403 825 1465 865 ep.
1485 821 1514 849 V
1540 812 1592 850 14
1612 827 1657 849 10

60 875 301 917 Mamercus
333 877 594 918 established
630 878 864 933 rogations:
906 885 1026 919 erant
1063 879 1229 933 quidem
1259 879 1591 933 prius...oscita-

60 943 223 986 bundae
264 945 848 1000 supplicationes„..maa-ime
895 953 968 987 aut
1010 947 1173 994 imbres,
1214 953 1287 988 aut
1332 948 1592 988 serenitatem

62 1013 370 1067 deprecaturae.
433 1014 633 1070 Cyprian.
661 1015 729 1055 Ad
762 1014 1026 1056 Demetrian.
1061 1017 1113 1056 20
1142 1030 1180 1070 p.
1211 1017 1292 1057 365
1329 1016 1354 1056 l.
1389 1018 1441 1057 23
1472 1016 1526 1056 Η.
1558 1022 1594 1058 et

60 1087 198 1122 tamen
234 1097 316 1136 pro
358 1083 551 1124 arcendis
591 1083 772 1124 hostibus
812 1089 849 1124 et
886 1083 1088 1124 imbribus
1130 1084 1411 1138 impetrandis
1452 1090 1488 1125 et
1528 1085 1595 1126 uel

63 1151 307 1206 auferendis
332 1153 399 1193 uel
429 1153 714 1206 temperandis
742 1153 937 1194 aduersis
968 1142 1174 1206 rogyamus
1199 1168 1360 1207 semper
1392 1159 1428 1195 et
1452 1168 1596 1208 preces
1617 1173 1659 1204 15

53 1219 294 1275 fundimus.
358 1221 512 1263 Euseb.
536 1222 651 1263 Hist.
674 1222 783 1263 Eeel.
806 1233 835 1261 V
858 1237 891 1262 e.
914 1224 967 1262 28
993 1220 1012 1276 ξ
1036 1224 1087 1262 12
1111 1221 1400 1275 ἐνδυσαμενον
1430 1225 1596 1264 σάκκον

67 1289 139 1330 καὶ
168 1289 334 1332 σποδὸν
363 1291 752 1345 καταπασάμενον.

153 1370 337 1400 INVIDIA
374 1361 440 1402 De
477 1361 614 1403 Ieiun.
655 1364 706 1403 16
738 1376 776 1416 p.
812 1363 892 1402 295
927 1361 952 1401 l.
986 1363 1037 1401 25
1077 1360 1200 1401 Wiss.
1238 1361 1354 1415 apud
1391 1362 1597 1415 quasdam

66 1444 165 1470 uero
201 1431 385 1472 colonias
421 1437 646 1486 praeterea
682 1447 822 1473 annuo
858 1433 947 1472 ritu
980 1431 1106 1483 (then
1142 1446 1187 1471 as
1228 1431 1341 1471 cited
1379 1446 1431 1471 on
1470 1432 1494 1472 l.
1526 1433 1599 1485 32)

67 1498 117 1538 cf.
150 1497 309 1540 Oehler
344 1500 469 1550 (from
502 1499 564 1540 La
597 1500 764 1554 Cerda).
827 1500 893 1541 De
931 1499 1051 1541 Orat.
1084 1502 1107 1540 5
1142 1514 1182 1554 p.
1218 1502 1300 1540 184
1331 1500 1354 1540 I.
1390 1502 1440 1540 12
1477 1500 1600 1541 Wiss.
1619 1519 1665 1541 20

68 1567 255 1609 clamant
277 1568 334 1609 ad
355 1568 573 1610 dominum
593 1569 764 1610 inuidia
785 1570 956 1610 animae
976 1575 1217 1623 martyrwn
1240 1569 1313 1609 sub
1332 1569 1473 1609 altari.
1536 1569 1600 1609 De

70 1636 177 1692 Fug.
192 1635 234 1676 in
251 1636 411 1678 Perseo.
429 1640 482 1679 10
496 1638 522 1678 f.
535 1639 574 1678 si
583 1638 729 1692 perire
744 1653 806 1679 nie
828 1638 947 1686 uolet,
965 1638 1053 1692 ipse
1070 1653 1134 1679 me
1149 1638 1316 1692 perdat,
1334 1637 1434 1677 dum
1455 1654 1514 1678 me
1531 1653 1602 1692 eye

69 1719 189 1746 seruo
202 1706 284 1747 illi.
317 1707 431 1748 malo
445 1707 658 1748 inuidiam
673 1707 862 1763 eifaeere
870 1722 951 1762 per
966 1707 1220 1748 uoluntatem
1235 1707 1370 1761 ipsius
1377 1707 1603 1761 pereundo,

72 1789 198 1828 quam
224 1775 345 1816 bilem
366 1790 448 1830 per
471 1790 604 1817 meam
626 1776 851 1818 euadendo.
915 1775 1028 1817 Stat.
1051 1775 1158 1816 Silu.
1180 1787 1209 1815 V
1233 1778 1257 1816 5
1283 1775 1450 1816 77—78
1476 1791 1605 1817 nonne

72 1843 272 1884 horridus
315 1844 429 1898 ipsos
478 1845 649 1886 inuidia
689 1860 860 1900 superos
904 1845 1142 1899 iniustaque
1190 1845 1376 1885 Tartara
1413 1845 1604 1898 pulsem?
1624 1865 1668 1896 25

74 1912 388 1969 Pseudo-Cypr.
418 1913 586 1956 Sodom.
612 1917 751 1955 21-2
780 1915 1007 1969 pulsabant
1039 1915 1200 1956 caelum
1229 1914 1409 1961 inuidia,
1433 1913 1606 1955 conubia

74 1983 208 2023 mixta
225 1983 381 2024 incestu
396 1984 546 2037 parili.
597 1983 693 2024 qu.
711 1986 763 2024 15
780 1986 862 2025 123
877 1999 917 2024 n.
979 1983 1195 2024 Heraldus
1217 1983 1322 2023 cites
1345 1981 1607 2032 δυσωπῆσαι

77 2050 174 2092 θεόν
196 2051 301 2091 from
324 2051 490 2107 Ioseph.
515 2053 566 2092 A.
583 2052 625 2093 J.
649 2064 717 2092 XII
742 2057 766 2092 4
789 2053 858 2101 (cf.
881 2052 1008 2107 Greg.
1026 2051 1159 2103 Nem).
1208 2051 1420 2091 inuidiam
1437 2050 1607 2105 facere:

77 2119 236 2160 Oehler
265 2134 320 2160 on
351 2121 464 2161 Tert.
488 2120 554 2161 De
577 2120 696 2162 Orat.
719 2123 743 2162 5
766 2120 899 2173 (cited
923 2120 1087 2172 above).
1148 2119 1260 2160 Adu.
1284 2119 1409 2159 Mare.
1434 2131 1467 2159 11
1492 2120 1515 2159 9
1539 2118 1608 2159 fin.

78 2188 252 2229 Herald.
290 2204 345 2229 on
387 2189 546 2230 Arnob.
586 2201 633 2230 IV
671 2205 711 2245 p.
744 2192 839 2231 180.
912 2189 1114 2245 [Mayor's
1150 2203 1242 2229 own
1276 2196 1376 2229 note
1413 2203 1466 2228 on
1504 2187 1610 2228 Plin.
1628 2211 1672 2242 30

78 2257 204 2313 epist.
234 2269 287 2298 111
321 2260 347 2298 4
377 2257 454 2314 57.
516 2258 568 2300 A.
584 2258 646 2312 S.]

165 2342 203 2383 p.
229 2330 311 2369 120
334 2328 358 2368 l.
382 2331 402 2368 1
428 2339 777 2369 EXTORSERIMVS
800 2343 960 2383 wrung.

728 2498 832 2540 CAP.
865 2497 968 2538 XLI

170 2617 208 2657 p.
243 2604 325 2643 120
357 2602 380 2642 l.
414 2603 439 2642 3
471 2612 557 2642 VOS
586 2600 784 2656 Cyprian.
809 2600 876 2640 Ad
907 2597 1169 2639 Demetrian.
1195 2598 1217 2636 5
1251 2610 1330 2636 nonv
1357 2596 1478 2643 enim,
1509 2596 1615 2636 sicut

84 2676 158 2712 tua
189 2669 317 2725 falsa
356 2670 619 2724 querimonia
661 2676 699 2710 et
738 2668 943 2723 inperitia
985 2665 1180 2706 ueritatis
1223 2665 1377 2717 iynara
1412 2664 1544 2704 iactat
1579 2670 1615 2704 et

85 2739 289 2788 cla-mitat,
311 2739 395 2779 ista
426 2738 633 2787 accidunt,
655 2737 764 2792 quod
795 2736 841 2777 di
872 2735 1002 2776 uestri
1031 2749 1054 2774 a
1086 2733 1200 2774 nobis
1221 2748 1298 2773 non
1323 2732 1524 2780 colantur,
1546 2731 1616 2773 sed
1634 2753 1677 2784 35
