1827 3004
73 109 116 151 p.
145 94 271 135 1161.
299 94 367 146 10]
534 89 970 133 APOLOGETIOVS
1002 90 1067 138 39,
1102 89 1156 129 40
1526 88 1605 126 401

74 207 184 262 quod
226 212 355 248 essent
395 206 508 247 soliti
547 211 654 246 stato
701 205 768 246 die
808 210 902 244 ante
940 203 1072 244 lucem
1112 201 1329 242 conuenire
1364 214 1610 255 carmenque

79 277 241 319 Christo
274 277 396 332 quasi
430 276 503 318 deo
535 276 671 317 dicere
702 290 838 316 secum
869 273 1060 314 inuicem.

163 362 201 402 p.
238 349 317 388 116
351 347 374 387 l.
407 348 432 386 8
466 356 627 386 FACTIO
670 344 770 385 Sall.
813 343 906 398 Iug.
950 344 1001 383 31
1044 340 1064 397 ξ
1106 343 1157 382 15
1199 341 1298 382 llaec
1338 340 1449 381 inter
1489 339 1610 381 bonos

75 415 280 464 amicitia,
310 415 420 456 inter
449 414 584 454 malos
603 413 745 466 factio
778 418 848 453 est.

725 521 831 563 CAP.
864 520 943 561 XL

163 625 201 665 p.
238 611 318 650 116
357 609 381 650 l.
418 610 471 649 10
502 623 534 649 e.
572 610 638 648 40.
700 608 748 647 ef.
782 622 813 647 c.
854 608 917 647 20.
979 606 1089 661 Aug.
1122 606 1167 646 in
1200 606 1263 646 Ps.
1297 608 1351 647 80
1385 604 1404 662 ἓ
1440 609 1460 646 1
1499 606 1650 652 med.5

75 680 145 732 (IV
195 676 327 719 1225d
372 678 559 728 Gaume)
610 675 833 717 heathen's
884 681 1060 716 taunts:
1123 674 1340 716 abundare
1386 690 1610 730 pressuras

76 746 328 802 temporibus
361 743 970 799 Christianis...prouerbium.·
1012 758 1091 784 non
1123 743 1237 797 pluit
1272 743 1396 792 Deus,
1433 743 1514 784 duc
1555 744 1611 785 ad

79 816 350 857 Christianos.
412 815 478 856 De
508 814 688 857 Ciuitat.
719 813 801 854 Dei
832 813 886 853 in.
948 812 1065 853 Oros.
1095 812 1197 853 Arn.
1228 827 1286 867 pr.
1349 814 1459 868 Aug.
1490 828 1552 868 ep.
1585 816 1608 854 5

80 887 147 928 Ad
181 886 480 927 Marcellinum
518 885 630 939 [now
664 883 786 939 epist.
823 885 905 924 138
934 881 953 938 ξ
985 884 1048 923 16.
1112 882 1160 923 A.
1178 881 1240 935 S]
1272 882 1370 923 haec
1399 882 1612 937 yerzeralis

78 957 309 1011 conquestio
341 956 607 997 calumniosa
638 959 696 995 est
723 958 801 994 etc.
863 951 981 993 Oros.
1006 963 1019 991 1
1044 953 1068 991 8
1090 949 1109 1006 ξ
1132 953 1196 991 14.
1248 962 1297 991 IV
1321 953 1345 992 6
1367 949 1406 1007 ἐξ
1428 953 1608 994 :34-42.
1632 969 1674 993 10

80 1024 174 1082 23g
201 1028 263 1067 10.
316 1036 383 1065 VII
406 1024 458 1065 37
487 1021 526 1079 ἐξ]
555 1023 707 1064 6—10.
730 1036 814 1077 esp.
838 1021 912 1061 the
941 1020 1071 1060 letter
1099 1020 1145 1060 of
1171 1019 1434 1060 Maximinus
1463 1021 1610 1076 copied

78 1096 184 1136 from
215 1110 239 1135 a
265 1095 418 1135 brazen
447 1092 574 1148 pillar
600 1098 646 1133 at
667 1092 777 1146 Tyre
801 1089 973 1141 (Euseb.
1004 1089 1117 1130 Hist.
1148 1089 1258 1130 Ecol.
1280 1100 1331 1129 IX
1355 1088 1376 1130 7
1400 1088 1438 1145 ἐξ
1459 1092 1613 1140 2-14,

79 1166 127 1206 cf.
159 1171 260 1206 note
293 1179 347 1204 on
379 1164 402 1204 l.
437 1165 520 1215 14).
588 1161 864 1202 Elmenhorst
896 1175 949 1200 on
982 1160 1142 1212 Arnob.
1174 1174 1212 1214 p.
1247 1162 1282 1200 2.
1342 1158 1382 1216 ἓξ
1413 1162 1451 1201 3.
1481 1162 1508 1201 4
1539 1161 1610 1202 fin.

81 1233 355 1273 Elmenhorst
372 1231 456 1272 and
475 1230 689 1285 Godefroy
705 1228 789 1270 cite
808 1228 977 1269 Nouell.
997 1227 1222 1269 Theodosii
1242 1239 1275 1268 ΙΙ
1294 1228 1361 1269 tit.
1378 1227 1436 1284 3§
1457 1231 1482 1270 8
1497 1230 1540 1283 [l.
1559 1229 1610 1271 75

80 1301 522 1356 Mommsen-Meyer]
544 1299 682 1340 which
706 1305 829 1339 turns
852 1298 925 1338 the
948 1297 1087 1338 tables
1110 1312 1164 1338 on
1186 1297 1312 1345 Jews,
1334 1297 1612 1348 Samaritans,
1633 1311 1676 1344 15

80 1370 275 1419 heretice,
298 1370 466 1425 Pagans
487 1370 562 1421 (an
592 1368 754 1409 diutius
780 1367 1044 1422 perferemus
1070 1366 1230 1406 mutari
1251 1372 1483 1421 temporum
1504 1368 1615 1410 uices

78 1440 195 1481 irata
217 1439 323 1481 caeli
344 1438 549 1493 temperie,
573 1451 677 1492 quae
697 1450 969 1491 payanorum
997 1434 1242 1476 exacerbata
1267 1436 1457 1490 perfidia
1486 1437 1616 1479 nescit

78 1514 258 1550 naturae
290 1508 541 1549 libramenta
581 1506 781 1547 seruare?
822 1505 933 1546 unde
967 1505 1078 1545 enim
1116 1519 1188 1545 uer
1218 1505 1389 1546 solitam
1421 1507 1616 1560 9ratiam

81 1578 444 1619 abiurauit...nisi
464 1576 573 1631 quod
601 1576 658 1617 ad
688 1575 906 1630 inpietatis
931 1574 1165 1615 uindictam
1197 1575 1351 1616 transit
1383 1575 1485 1629 legis
1514 1591 1618 1618 suae

79 1653 238 1687 natura
268 1646 477 1687 decretum
491 1647 526 1699 ?)
587 1644 812 1685 Firmilian
834 1643 878 1683 in
901 1642 1029 1698 Cypr.
1051 1657 1114 1698 ep.
1140 1642 1192 1683 75
1214 1642 1234 1699 ἓ
1258 1646 1320 1692 10,
1342 1645 1613 1699 persecution
1633 1660 1678 1683 20

79 1721 342 1770 consequent
373 1730 426 1755 on
459 1714 734 1769 earbhquake.
818 1712 946 1768 Cypr.
979 1712 1048 1753 Ad
1080 1712 1412 1754 Demetrianum
1445 1729 1476 1756 c.
1513 1717 1549 1755 2.
1576 1717 1611 1757 3.

80 1788 115 1826 4.
157 1789 190 1825 5.
252 1784 363 1840 Aug.
402 1783 536 1825 Serm.
571 1783 624 1823 87
666 1785 718 1823 13
751 1782 820 1823 fin.
852 1796 970 1823 vnemo
1002 1781 1142 1822 dicat:
1188 1788 1313 1823 antea
1345 1784 1494 1825 melior
1524 1792 1615 1827 erat

79 1854 262 1895 mundus
294 1869 420 1908 quam
458 1852 597 1894 modo:
639 1867 687 1893 θεῖ’
719 1867 796 1906 quo
835 1852 967 1907 coepit
996 1852 1073 1893 iste
1106 1851 1292 1893 medicus
1327 1858 1458 1894 artem
1493 1869 1615 1896 suam

81 1938 276 1971 exercere,
312 1923 448 1963 multa
489 1922 556 1963 hic
596 1921 788 1962 uidemus
823 1921 1043 1961 horrenda.
1107 1935 1219 1961 omn.
1256 1920 1366 1976 Aug.
1410 1921 1475 1963 De
1518 1922 1614 1965 Ciu.

82 1992 165 2034 Dei
197 2004 231 2033 ΙΙ
265 1995 300 2032 2.
334 1994 359 2033 3
391 2006 466 2047 eg.
499 1991 680 2046 proverb
712 1990 872 2045 quoted
905 1990 1039 2030 below
1072 2004 1124 2030 on
1158 1989 1244 2031 line
1278 1992 1340 2031 15.
1402 1991 1560 2034 Arnob.
1594 2005 1609 2034 1
1633 2007 1678 2039 25

81 2060 145 2118 §1
178 2068 399 2116 postquam
431 2075 514 2102 esse
544 2060 589 2100 in
621 2059 776 2101 mundo
815 2059 1060 2101 Christiana
1091 2073 1192 2113 9ens
1225 2059 1366 2113 coepit,
1397 2066 1611 2102 terrarum

82 2130 218 2172 orbem
254 2130 423 2184 perisse.
490 2128 633 2170 Passio
676 2128 788 2181 (Gr.)
830 2127 1055 2183 Porphyrii
1090 2127 1135 2167 in
1177 2127 1452 2170 Elmenhorsb
1492 2144 1530 2185 p.
1576 2133 1612 2171 2.

81 2211 135 2240 ΙΙΙ
155 2198 175 2256 ᾖ
195 2201 249 2241 36
278 2199 443 2240 audetis
470 2198 694 2246 intendere,
716 2198 850 2239 nostri
878 2197 1060 2238 nominis
1088 2212 1217 2238 causa
1246 2212 1312 2238 res
1332 2197 1541 2240 humanas
1563 2200 1614 2241 ab

80 2269 147 2310 dis
162 2268 315 2324 premi.
372 2279 421 2308 IV
442 2266 462 2323 ἓ
484 2269 538 2307 24
562 2282 661 2308 nam
683 2282 755 2307 nos
776 2266 943 2321 quidem
966 2266 1068 2320 quid
1090 2265 1140 2307 de
1160 2266 1251 2306 illis
1273 2279 1306 2309 <
1323 2266 1390 2307 dis
1411 2269 1562 2309 uestris
1580 2280 1611 2310 >

80 2337 313 2392 aliquando
345 2343 419 2378 aut
448 2336 742 2377 inconueniens
772 2335 976 2376 sensimus
1007 2341 1081 2376 aut
1122 2336 1490 2390 conscriptionibus
1526 2338 1611 2379 edi·
1630 2354 1675 2385 30

80 2407 222 2448 dimus
262 2406 482 2453 indecoris,
527 2411 572 2445 ut
612 2404 656 2445 in
699 2404 913 2445 inuidiam
959 2404 1178 2445 iaciuntur
1224 2410 1411 2445 nostram
1452 2405 1612 2448 labores

76 2477 241 2531 yeneris
291 2475 467 2516 humani
517 2480 553 2515 et
590 2473 901 2514 commoditates
942 2473 1090 2527 quibus
1131 2473 1294 2514 uiuitur
1334 2475 1612 2518 imminutae?

81 2545 198 2601 Orig.
227 2544 273 2585 in
298 2545 424 2585 Matr..
447 2558 478 2584 c.
508 2545 562 2583 24
589 2558 624 2584 v,
656 2545 678 2583 9
707 2543 775 2594 (IV
809 2544 891 2583 270
924 2542 1108 2595 Lomm.)
1140 2557 1233 2583 cum
1263 2542 1362 2584 haec
1392 2558 1487 2597 erqo
1520 2559 1609 2586 con-

79 2615 250 2669 tiyerint
274 2614 440 2661 mundo,
463 2626 708 2666 consequens
735 2617 792 2652 est
814 2611 940 2666 quasi
969 2611 1346 2665 derelinquentibus
1376 2611 1610 2654 hominibus

79 2682 251 2724 deorum
273 2682 495 2729 culturam,
521 2686 562 2720 ut
577 2686 754 2734 propter
774 2679 1090 2720 multitudinem
1106 2679 1444 2721 Christianorum
1466 2681 1609 2723 dicant
1629 2691 1673 2723 35

70 2751 174 2806 fieri
195 2751 303 2792 bella
325 2756 362 2792 et
379 2750 525 2805 fames
546 2755 582 2790 et
601 2749 870 2803 pestilentias.
921 2748 1170 2803 frequenter
1190 2749 1301 2790 eni-m
1320 2749 1462 2805 famis
1482 2765 1606 2793 causa

187 2848 226 2874 M.
244 2848 276 2875 T.
1454 2838 1502 2874 26
