1827 3004
196 112 280 152 484
759 107 1159 149 TERTVLLIANI
1416 108 1473 162 [p.
1499 107 1627 149 1461.
1653 111 1733 148 4—

196 222 272 279 §6
334 223 383 263 A.
408 222 470 277 S]
531 222 736 264 Antonin.
770 223 839 276 [XI
873 225 910 264 3.
971 221 1021 263 A.
1045 222 1125 275 S.].
1187 221 1296 263 Plin.
1326 221 1380 262 ad
1410 221 1521 263 Trai.
1551 224 1605 263 96
1637 224 1733 276 (97)

197 290 216 347 ξ
251 293 276 332 3
326 305 453 346 ‘neque
503 292 612 332 enim
663 291 919 340 dubitabam,
966 291 1268 346 qualecumque
1316 296 1416 332 esset
1467 291 1576 345 quod
1615 290 1730 345 fate-

198 365 355 406 rentur,
395 359 679 413 pertinaciam
714 364 820 400 certe
854 364 890 400 et
925 358 967 398 in
964 359 1199 414 flexibilem
1241 358 1555 400 obstinationem
1592 358 1734 401 debere

195 427 357 483 puniri.
431 427 507 482 Ep.
563 427 617 467 ad
679 427 833 482 Diogn.
893 430 913 467 1
979 426 1063 469 τίνι
1115 445 1162 469 τε
1213 426 1297 482 θεῷ
1348 425 1610 472 πεποιθότες
1661 430 1733 469 καὶ

159 498 290 545 5πῶς
334 495 647 550 θρησκεύοντες
691 494 824 537 αὐτόν
869 513 915 537 τε
959 494 1126 546 κόσμον
1170 495 1419 549 ὑπερορῶσι
1458 494 1618 540 πάντες
1661 496 1732 538 καὶ

201 565 391 607 θανάτου
442 567 786 619 καταφρονοῦσι.
863 565 916 606 ib.
966 567 1018 606 10
1061 580 1101 620 Ρ.
1137 563 1242 605 501¹>
1278 563 1377 606 τότε
1420 563 1520 608 τοὺς
1555 567 1731 617 κολαζοΦ

199 633 352 688 μένους
402 633 475 675 ἐπὶ
527 635 586 689 τῷ
634 632 693 686 μὴ
754 632 899 675 θέλειν
947 632 1230 687 ἀρνήσασθαι
1290 631 1386 675 θεὸν
1436 633 1509 674 καὶ
1560 633 1733 687 ἀνγαπή-

201 721 293 749 σεις
337 702 411 744 καὶ
455 701 710 754 θαυμάσεις,
752 700 849 744 τότε
893 706 969 755 τῆς
1007 702 1179 752 ἀπάτης
1217 705 1294 743 τοῦ
1335 702 1502 756 κόσμου
1545 702 1617 744 καὶ
1659 707 1734 755 τῆς

201 771 374 823 πλάνης
397 771 684 825 καταγνώσει,
707 771 812 813 ὅταν
844 771 893 813 τὸ
921 771 1098 822 ἀληθῶς
1128 772 1171 812 ἐν
1201 771 1369 827 οὐρανῷ
1398 773 1472 824 ζῆν
1501 773 1735 827 ἐπιγνώσῃ,

140 861 181 883 10
202 841 306 883 ὅταν
343 843 420 882 τοῦ
462 839 689 884 δοκοῦντος
731 839 882 881 ἐνθάδε
925 839 1115 881 θανάτου
1157 838 1506 895 καταφρονήσῃς.
1580 841 1734 882 Iustin.

202 911 324 966 Apol.
353 922 369 951 Ι
404 913 452 951 11
486 908 784 964 ἀναιρούντων
816 910 864 951 οὐ
896 908 1259 965 πεφροντίκαμεν.
1332 911 1386 951 39
1418 909 1550 962 ἡδέως
1583 909 1735 960 ὁμολο-

201 982 376 1034 γοῦντες
409 979 484 1021 τὸν
520 977 714 1034 Χριστὸν
746 976 1092 1029 ἀποθνήσκομεν.
1170 978 1221 1019 57
1271 977 1318 1019 οὐ
1359 977 1446 1034 ’γὰρ
1489 978 1738 1031 δεδοίκαμεν

204 1048 398 1091 θάνατον.
459 1048 540 1089 See
563 1063 655 1089 cxx.
677 1047 732 1089 id.
755 1048 876 1103 Apol.
902 1059 935 1088 ΙΙ
961 1050 995 1088 2.
1019 1048 1114 1089 Act.
1138 1047 1262 1089 Mart.
1286 1048 1391 1089 lust.
1417 1051 1452 1089 5.
1504 1047 1737 1089 Neumann

204 1129 218 1157 I
244 1120 326 1158 153
348 1132 387 1158 n.
411 1120 447 1159 3.

140 1204 182 1236 15
289 1202 327 1242 p.
364 1188 444 1227 146
478 1186 500 1227 l.
536 1190 557 1226 5
591 1196 821 1226 MAGISTRA
853 1185 922 1227 Ad
955 1185 1077 1240 Scap.
1111 1188 1134 1225 5
1158 1185 1228 1227 fin.
1290 1184 1446 1226 Iustin.
1489 1186 1611 1240 Apol.
1654 1198 1668 1226 1
1711 1189 1736 1226 4·

202 1272 240 1312 p.
261 1255 334 1298 55¹³
356 1255 402 1297 ὃν
429 1254 513 1310 ’γὰρ
537 1255 700 1310 τρόπον
722 1254 1065 1311 παραλαβόντες
1088 1253 1199 1299 τινὲς
1221 1253 1344 1307 παρὰ
1367 1258 1444 1296 τοῦ
1466 1254 1738 1297 διδασκάλου

204 1327 401 1380 Χριστοῦ
422 1323 479 1376 μὴ
503 1323 731 1377 ἀρνεῖσθαι
755 1323 1053 1377 ἐξεταζόμενοι
1082 1323 1461 1380 παρακελεύονται
1483 1324 1611 1377 (Otto
1638 1325 1691 1365 ad
1714 1325 1738 1365 l.

204 1408 241 1448 p.
278 1391 382 1442 15b).
444 1391 577 1433 Clem.
612 1392 733 1432 Alex,
769 1391 926 1433 Strom.
964 1403 1012 1431 IV
1052 1394 1104 1433 73
1136 1392 1206 1433 fin.
1245 1407 1282 1447 p.
1323 1394 1404 1433 596
1429 1392 1471 1434 P.
1503 1392 1738 1445 δοθήσεται

205 1463 250 1505 δέ
279 1480 406 1510 τισιν,
429 1460 503 1503 ἐὰν
533 1461 747 1517 συμφέρῃ,
777 1461 1166 1521 ἀπολογήσασθαι,
1191 1460 1260 1503 ἵνα
1290 1460 1361 1502 διά
1394 1479 1440 1503 τε
1469 1465 1545 1514 τῆς
1573 1479 1736 1515 μαρτυ-

141 1553 185 1574 20
204 1531 298 1585 ρίας
344 1532 413 1573 διά
461 1549 507 1572 τε
554 1535 630 1583 τῆς
679 1529 914 1584 ὁμολογίας
958 1531 1216 1584 ὠφελῶνται
1258 1531 1298 1573 οἱ
1340 1530 1511 1580 πάντες,
1556 1531 1737 1588 ἰσχυρο-

204 1600 454 1654 ποιούμενοι
495 1601 572 1653 μὲν
615 1599 655 1641 οἱ
695 1599 790 1641 κατ’
828 1600 1081 1651 ἐκκλησίαν,
1125 1599 1416 1651 θαυμάζοντες
1459 1600 1504 1642 δὲ
1555 1601 1629 1642 καὶ
1680 1600 1738 1646 εἰς

204 1670 359 1712 πίστιν
387 1669 654 1723 ὑπαγόμενοι
684 1668 725 1710 οἱ
755 1669 803 1722 ἐξ
836 1670 970 1710 ἐθνῶν
1002 1669 1081 1721 τὴν
1111 1670 1335 1725 σωτηρίαν
1364 1669 1737 1724 πολυπραὙμονή-

292 1819 581 1849 CONCVTITVR
603 1806 638 1847 is
660 1807 898 1862 staggered.
962 1806 1085 1862 Kaye
1111 1809 1290 1847 123—4.

141 1900 183 1932 25
292 1894 330 1933 p.
366 1880 445 1919 146
479 1878 501 1918 l.
536 1880 559 1918 9
598 1876 807 1931 Scorpi-ac.
844 1878 867 1917 6
900 1891 938 1931 p.
976 1879 1057 1916 158
1094 1876 1116 1916 l.
1152 1878 1201 1916 21
1238 1876 1364 1917 117155.
1432 1876 1496 1917 De
1532 1876 1676 1917 Pudic.
1711 1878 1735 1918 9

204 1963 242 2002 p.
277 1950 359 1988 238
392 1947 414 1987 l.
451 1949 503 1985 14
535 1945 655 1985 Wiss.
707 1945 761 1985 ib.
796 1947 847 1984 22
881 1960 918 2000 Ρ.
954 1945 1035 1985 272
1069 1945 1092 1986 l.
1127 1947 1179 1985 25
1205 1940 1328 1985 1717155.
1361 1945 1484 1986 aliud
1518 1945 1736 1999 baptisma.

206 2017 270 2057 De
303 2017 427 2071 Bapt.
473 2017 524 2055 16
560 2029 618 2069 pr.
653 2020 738 2054 tota
774 2013 986 2054 Pa'radisi
1017 2014 1153 2054 clauis
1195 2019 1288 2054 tuus
1328 2014 1502 2068 sanquis
1543 2020 1610 2055 est.
1672 2014 1737 2054 De

204 2085 348 2126 Anim.
391 2088 443 2126 55
478 2087 545 2125 fin.
625 2083 686 2125 Cf.
720 2083 785 2123 De
818 2083 941 2138 Fuga
978 2083 1021 2123 in
1062 2083 1223 2124 Perseo.
1253 2085 1288 2125 9.
1363 2084 1428 2124 De
1464 2084 1648 2125 Patient.
1686 2085 1737 2125 13

204 2169 242 2209 p.
267 2156 317 2194 21
353 2154 375 2194 l.
400 2155 426 2193 4
454 2152 526 2193 Kr.
549 2151 731 2194 secunda
762 2151 955 2192 intinctio
987 2151 1098 2205 Aug.
1122 2163 1152 2190 X
1178 2152 1261 2191 700
1284 2150 1462 2191 Gaume.
1515 2150 1663 2206 Chrys.
1688 2162 1736 2191 XI

141 2237 185 2268 30
205 2226 259 2265 86
274 2224 377 2264 ΒΘΗ.
420 2222 612 2263 Dodwell
630 2221 739 2262 Diss.
760 2221 885 2276 Cypr.
908 2224 972 2270 13,
995 2221 1059 2261 Dc
1083 2220 1270 2261 secundo
1293 2220 1488 2276 martyrii
1510 2220 1736 2275 baptismo.

205 2293 316 2333 Acta
334 2293 571 2347 Perpetuae
594 2306 624 2332 c.
646 2293 708 2332 18.
751 2290 876 2343 (sees
893 2291 991 2345 only
1008 2298 1191 2345 martyrs
1213 2290 1258 2330 in
1282 2290 1493 2338 Paradise,
1512 2290 1576 2330 De
1595 2289 1737 2330 Anim.

206 2365 272 2410 55,
295 2376 331 2415 p.
356 2363 438 2402 388
462 2361 484 2401 l.
509 2362 561 2401 26
587 2359 732 2411 1717155.)

292 2440 545 2470 DONANTVR
575 2429 641 2469 De
674 2428 818 2469 Pudic.
852 2430 903 2468 21
937 2443 975 2483 p.
1010 2430 1091 2469 269
1126 2428 1148 2468 l.
1183 2430 1236 2468 24
1270 2427 1393 2469 Wiss.
1426 2428 1565 2481 ipsam
1595 2426 1738 2468 Para-

205 2500 352 2540 cletum
374 2499 419 2538 in
440 2497 665 2552 Prophetis
687 2497 824 2538 Nouis
845 2496 970 2538 habeo
992 2497 1193 2538 dicentem
1215 2502 1222 2516 ‘
1227 2502 1362 2551 potest
1384 2496 1553 2538 ecclesia
1581 2495 1738 2536 donare

140 2587 184 2619 35
205 2567 425 2609 delictum.>
486 2566 540 2607 ib.
569 2569 619 2606 21
656 2567 724 2607 fin.
753 2580 790 2620 p.
822 2566 902 2605 271
938 2567 962 2605 8
995 2565 1034 2605 ei
1063 2565 1155 2606 ideo
1187 2565 1359 2606 ecclesia
1389 2564 1556 2618 quidem
1588 2563 1738 2605 delicta

205 2637 386 2679 donabit.
448 2635 503 2677 ib.
537 2638 590 2675 22
620 2650 657 2690 p.
694 2634 773 2675 271
801 2634 852 2675 27
878 2634 1002 2675 1717155.
1064 2634 1119 2674 ib.
1143 2636 1196 2674 22
1214 2649 1248 2674 a.
1273 2649 1325 2674 m.
1349 2648 1386 2689 p.
1412 2633 1494 2674 272
1518 2633 1541 2674 l.
1568 2635 1587 2672 1
1614 2632 1737 2672 117155.

205 2706 384 2760 sufficiat
413 2704 601 2758 martyri
634 2703 822 2758 propria
851 2702 1005 2743 delicta
1041 2716 1260 2756 puryasse.
1322 2701 1388 2742 De
1423 2701 1548 2756 Bapt.
1593 2701 1644 2741 16
1677 2714 1736 2754 pr.

206 2774 316 2815 Adu.
340 2772 466 2814 Marc.
495 2784 543 2812 IV
566 2774 619 2813 35
642 2786 682 2826 p.
704 2773 787 2813 539
810 2771 834 2812 l.
859 2769 910 2811 17
935 2770 1009 2811 Kr.
1054 2781 1081 2809 V
1107 2772 1158 2811 19
1181 2769 1247 2811 bis
1268 2785 1307 2825 p.
1331 2771 1412 2811 645
1436 2769 1476 2810 ll.
1500 2770 1639 2809 24-5
1663 2767 1736 2808 Kr.
