1827 3004
143 135 194 173 50
496 153 498 157 >
710 129 1108 171 TERTVLLIANI

142 246 244 287 deos
273 245 536 287 destruebat.
598 245 729 285 Plane
758 244 872 292 olim,
903 243 947 283 id
977 247 1042 283 est
1069 256 1248 296 semper,
1279 243 1439 283 ueritas
1468 242 1566 283 odio
1595 247 1673 284 est.

141 315 303 355 Tamen
328 329 425 355 cum
450 313 717 369 paenitentia
741 311 982 352 sententiae
1006 311 1289 352 Athenienses
1313 316 1357 352 et
1380 312 1676 352 criminatores

141 389 328 430 Socratis
356 394 506 443 postea
533 387 765 428 afflixerint
793 390 836 426 et
862 385 1093 439 imaginem
1122 385 1211 425 eius
1238 399 1413 425 auream
1440 385 1484 425 in
1512 385 1674 439 templo

140 463 400 511 collocarint,
443 462 619 502 rescissa
660 446 884 500 damnatio
926 459 1223 500 testimonium
1265 458 1431 499 Socrati
1470 459 1672 499 reddidit.

140 536 223 577 Sed
255 542 298 577 et
328 536 540 589 Diogenes
572 534 712 574 nescio
745 533 849 587 quid
880 533 923 573 in
955 533 1186 573 Herculem
1216 533 1340 582 ludit,
1375 538 1419 573 et
1449 533 1674 573 Romanus
1693 544 1713 575 5

140 610 324 664 Cynicus
362 610 496 650 Varro
536 613 751 649 trecentos
789 608 928 656 Ioues,
970 607 1059 647 siue
1098 607 1289 661 Iupitros
1327 607 1543 657 dicendos,
1584 607 1674 647 sine

138 684 352 738 capitibus
382 682 632 723 introducit.

221 897 292 938 15.
352 896 503 937 Cetera
525 894 726 935 lasciuiae
749 893 919 947 ingenia
943 893 1074 933 etiam
1097 893 1399 947 uoluptatibus
1422 895 1576 934 uestris
1599 907 1674 947 per

137 970 314 1010 deorum
345 969 529 1010 dedecus
560 972 807 1022 operantur.
868 967 1078 1021 Dispicite
1108 966 1391 1007 Lentulorum
1422 972 1465 1008 et
1494 967 1671 1007 Hostili-

136 1059 259 1084 orum
295 1049 560 1091 uenustates,
600 1047 748 1082 utrum
786 1041 940 1081 mimos
977 1055 1033 1080 an
1069 1040 1171 1081 deos
1207 1046 1374 1082 uestros
1409 1041 1453 1081 in
1490 1041 1592 1081 iocis
1630 1046 1673 1082 et
1696 1059 1738 1080 10

134 1121 322 1180 strophis
351 1121 548 1161 rideatis:
596 1118 824 1159 moechum
854 1117 1041 1166 Anubin,
1074 1123 1118 1158 et
1146 1118 1385 1158 masculum
1415 1118 1596 1167 Lunam,
1630 1124 1673 1159 et

134 1194 321 1235 Dianam
354 1195 628 1249 flagellatam,
664 1198 707 1233 et
739 1192 856 1232 Iouis
888 1192 1048 1232 mortui
1080 1196 1393 1232 testamentum
1425 1192 1669 1241 recitatum,

135 1274 178 1309 et
207 1274 292 1309 tres
322 1268 528 1308 Hercules
557 1267 777 1307 famelicos
804 1266 969 1306 inrisos.
1030 1265 1113 1306 Sed
1143 1271 1187 1306 et
1217 1266 1473 1306 histrionum
1501 1265 1672 1306 litterae

133 1357 305 1383 omnem
327 1342 581 1383 foeditatem
603 1355 751 1381 eorum
772 1339 1013 1394 designant.
1074 1340 1213 1394 Luget
1233 1340 1303 1380 Sol
1324 1340 1459 1380 filium
1481 1339 1533 1380 de
1554 1340 1670 1380 caelo

131 1418 344 1458 iactatum
396 1415 661 1456 laetantibus
712 1413 848 1463 uobis,
904 1419 947 1454 et
998 1413 1155 1467 Cybele
1206 1419 1458 1467 pastorum·
1482 1414 1671 1467 suspirat
1693 1429 1734 1460 15

132 1491 406 1531 fastidiosum
430 1504 517 1530 non
541 1488 894 1529 erubescentibus
917 1487 1053 1536 uobis,
1081 1492 1124 1528 et
1147 1488 1370 1528 sustinetis
1393 1487 1510 1528 Iouis
1535 1487 1670 1541 elogia

131 1565 310 1613 cantari,
347 1570 390 1605 et
422 1565 647 1612 Iunonem,
683 1563 905 1611 Venerem,
941 1561 1181 1602 Mineruam
1214 1576 1238 1602 a
1272 1567 1444 1616 pastore
1474 1561 1667 1602 iudicari.

132 1639 282 1692 Ipsum
308 1638 425 1692 quod
449 1638 591 1692 imago
618 1637 685 1677 dei
711 1636 842 1676 uestri
868 1636 1202 1690 ignominiosum
1228 1641 1361 1689 caput
1387 1641 1430 1676 et
1443 1635 1670 1687 *famosum

131 1713 276 1762 uestit,
308 1712 425 1766 quod
454 1726 607 1765 corpus
635 1711 839 1764 inpurum
869 1715 912 1750 et
940 1709 996 1750 ad
1023 1710 1153 1750 istam
1182 1715 1321 1750 artem
1350 1709 1670 1750 effeminatione

132 1786 393 1839 productum
442 1785 680 1825 Mineruam
728 1784 919 1838 aliquam
966 1784 1033 1824 uel
1081 1783 1312 1824 Herculem
1358 1790 1667 1838 repraesentat,
1691 1799 1735 1821 20

132 1873 274 1899 nonne
301 1860 490 1900 uiolatur
517 1859 721 1899 maiestas
749 1863 792 1898 et
820 1858 1026 1898 diuinitas
1055 1863 1362 1912 constupratur
1388 1858 1670 1899 laudantibus

133 1933 282 1974 uobis?
345 1934 477 1974 Plane
501 1933 780 1987 religiosiores
804 1932 906 1972 estis
928 1932 973 1972 in
998 1946 1142 1981 cauea,
1168 1932 1243 1972 ubi
1267 1946 1394 1986 super
1417 1933 1669 1987 sanguinem

134 2010 385 2060 humanum,
417 2025 544 2064 super
573 2010 903 2064 inquinamenta
934 2023 1170 2062 poenarum
1201 2009 1379 2063 proinde
1409 2009 1573 2050 saltant
1602 2010 1669 2050 dei

132 2086 265 2127 uestri
292 2092 547 2141 argumenta
575 2092 619 2127 et
645 2086 845 2126 historias
872 2086 1011 2126 noxiis
1038 2086 1346 2135 ministrantes,
1375 2086 1455 2126 nisi
1483 2086 1600 2140 quod
1627 2091 1671 2127 et

132 2163 248 2217 ipsos
284 2163 385 2204 deos
421 2169 588 2204 uestros
624 2177 751 2217 saepe
787 2163 904 2204 noxii
940 2163 1142 2203 induunt.
1203 2163 1400 2203 Vidimus
1436 2163 1669 2217 aliquando
1690 2180 1733 2210 25

134 2246 373 2281 castratum
416 2241 554 2281 Attin.
599 2240 719 2280 illum
762 2240 891 2285 deum
935 2254 986 2280 ex
1030 2240 1296 2289 Pessinunte,
1343 2246 1386 2280 et
1428 2240 1500 2294 qui
1543 2240 1670 2281 uiuus

135 2316 328 2365 ardebat,
361 2317 591 2356 Herculem
621 2317 835 2357 induerat.
897 2316 1087 2356 Risimus
1118 2321 1161 2356 et
1189 2316 1302 2356 inter
1331 2316 1516 2356 ludicras
1546 2317 1668 2357 meri-

136 2393 361 2433 dianorum
390 2393 666 2433 crudelitates
695 2393 952 2434 Mercurium
981 2398 1174 2433 mortuos
1203 2393 1392 2433 cauterio
1421 2393 1668 2433 examinan-

137 2474 237 2517 tem,
259 2469 447 2509 uidimus
466 2475 509 2509 et
527 2469 644 2509 Iouis
662 2469 841 2509 fratrem
859 2470 1149 2523 gladiatorum
1169 2471 1380 2510 cadauera
1399 2484 1497 2510 cum
1516 2470 1669 2511 malleo

136 2546 434 2587 deducentem.
495 2546 668 2600 Singula
714 2547 797 2587 ista
843 2561 1039 2601 quaeque
1085 2548 1226 2587 adhuc
1270 2548 1529 2601 inuestigare
1575 2548 1670 2601 quis
1689 2561 1735 2592 30

137 2624 306 2676 posset?
369 2622 411 2663 Si
468 2623 671 2663 honorem
728 2624 974 2677 inquietant
1029 2624 1284 2673 diuinitatis,
1341 2624 1375 2664 si
1430 2624 1671 2664 maiestatis

137 2699 317 2753 uestigia
341 2699 599 2748 obsoletant,
626 2699 678 2739 de
702 2706 957 2753 contemptu
980 2701 1131 2754 utique
1156 2706 1383 2741 censentur
1406 2705 1498 2740 tani
1523 2714 1669 2740 eorum

139 2775 211 2828 qui
253 2775 459 2815 eiusmodi
501 2775 707 2816 factitant
748 2791 879 2829 quam
922 2791 1067 2817 eorum
1110 2777 1266 2830 quibus
1307 2776 1525 2816 factitant.
1586 2776 1671 2817 Sed
