1827 3004
126 87 167 128 p.
193 73 292 115 681.
319 75 393 127 22]
629 75 1066 117 APOLOGETICVS
1099 77 1149 116 21
1577 76 1660 116 289

127 195 162 224 11
187 184 238 225 17
263 187 298 227 6.
341 185 479 228 Schol.
502 187 674 228 Theocr.
698 199 762 228 XV
785 190 849 229 64.
893 188 1109 243 Aristoph.
1134 188 1259 229 Birds
1282 190 1364 229 819
1383 203 1440 243 sq.
1487 188 1661 243 Trypho

128 252 192 304 (in
234 253 387 295 lustin.
430 255 539 296 Dial.
583 255 635 297 67
678 271 737 312 pr.
775 272 813 312 p.
852 255 975 310 29112)
1019 257 1117 298 ‘the
1159 256 1402 299 Christians
1443 257 1574 312 speak
1615 272 1662 297 as

129 321 203 362 the
237 322 399 364 Greeks
430 323 475 364 in
509 323 623 365 their
650 325 807 380 mybhs,
830 325 922 365 who
950 331 1171 380 represent]
1201 325 1380 366 Perseus
1408 340 1454 366 as
1485 325 1590 365 born
1622 326 1669 365 of

130 390 204 431 the
242 391 381 447 virgin
418 392 579 441 Danae,
615 408 669 434 on
704 394 843 434 whom
880 394 1051 450 Iupiter
1086 394 1324 435 descended
1361 394 1405 434 in
1441 409 1466 434 a
1501 394 1664 435 shower

130 460 176 499 of
198 460 320 515 gold.’
381 460 438 502 So
460 461 614 503 Iustin.
638 462 814 504 himself
830 463 972 519 (Apol.
996 475 1011 503 Ι
1044 465 1096 503 22
1121 464 1144 503 f.
1167 478 1205 518 p.
1230 465 1283 504 68
1298 463 1345 516 b)
1368 462 1403 504 εἰ
1425 461 1470 504 δὲ
1491 462 1564 504 καὶ
1594 461 1664 503 διὰ
1685 478 1704 509 5

131 528 353 581 παρθένου
393 531 683 584 *γεγεννῆσθαι
726 531 921 587 φέρομεν,
964 531 1108 573 κοινὸν
1157 531 1231 573 καὶ
1273 534 1400 573 τοῦτο
1441 530 1550 586 ’πρὸς
1591 529 1664 572 τὸν

133 598 309 651 Περσέα
332 598 445 640 ἔστω
476 601 586 653 ὑμῖν.
648 600 780 642 Clem.
805 601 931 641 Hom.
955 613 984 641 V
1010 603 1072 641 13.
1136 601 1262 649 Leda,
1294 601 1454 649 Danae,
1483 600 1665 648 Semele,

130 666 349 716 Alcmene,
371 669 612 711 Theodorei
634 670 778 711 Graec.
802 670 884 711 Aff.
909 670 1006 711 Cur.
1030 682 1083 710 ΙΙΙ
1105 668 1124 726 ξ
1146 672 1210 711 98.

218 750 256 790 p.
300 738 353 777 68
396 737 418 778 l.
464 740 516 779 16
565 749 858 795 1MPVDICIT1A
900 738 1010 794 Aug.
1055 738 1269 779 Enchirid.
1312 739 1367 779 34
1409 738 1576 792 qualem
1616 737 1666 779 cle

135 805 297 859 airyine
339 808 456 849 nasci
497 808 716 862 oportebat,
758 824 876 863 (laem
919 809 1029 862 fides
1072 809 1233 855 matris,
1274 823 1354 849 ¹non
1397 807 1536 855 libido,
1573 822 1665 848 con·
1688 821 1729 842 10

133 881 305 928 ceperat.
368 876 456 929 [Mr
487 876 630 931 Payne
662 877 767 917 adds
800 877 865 917 De
897 876 1010 917 Trin.
1044 876 1121 917 xiii
1153 877 1238 930 23]

219 958 256 998 p.
282 945 335 985 68
359 944 381 985 l.
408 947 460 986 19
483 956 711 986 EDIXIMVS
733 961 764 986 c.
790 946 841 986 17
866 961 925 1001 pr.
989 945 1111 1000 Kaye
1134 945 1228 986 517.

220 1028 258 1067 p.
294 1015 348 1054 68
382 1014 406 1054 l.
441 1016 491 1054 21
531 1026 771 1056 RATIONEM
805 1030 836 1055 c.
875 1016 928 1055 23
965 1030 1002 1070 p.
1042 1017 1095 1054 82
1136 1015 1160 1055 l.
1199 1017 1263 1054 11.
1325 1013 1435 1054 Adu.
1478 1013 1597 1054 Prax.
1641 1015 1665 1054 5

133 1096 172 1136 p.
208 1084 290 1123 233
326 1083 348 1123 l.
380 1083 402 1123 7
439 1084 513 1124 Kr.
541 1089 636 1125 ante
669 1085 811 1125 omnia
842 1084 951 1125 enim
987 1084 1087 1124 cleas
1120 1089 1211 1124 erat
1243 1083 1366 1131 solas,
1395 1083 1483 1137 ipse
1518 1082 1597 1123 sibi
1631 1088 1667 1123 et

137 1152 315 1192 mandas
354 1158 391 1194 et
433 1153 543 1194 locas
590 1159 627 1194 et
676 1154 828 1194 omnia.
904 1153 1017 1193 solas
1065 1152 1358 1206 autem,'qaia
1398 1151 1506 1192 nihil
1546 1151 1667 1192 aliud
1689 1167 1730 1197 15

134 1221 385 1262 extrinsecas
429 1228 599 1276 praeter
642 1222 776 1262 illam.
850 1228 1029 1262 ceteram
1076 1236 1124 1262 ne
1171 1226 1266 1262 tunc
1314 1221 1477 1275 quictem
1528 1221 1667 1271 solns;

134 1289 307 1331 habebat
327 1292 438 1332 enim
459 1306 606 1339 secam,
628 1307 754 1346 qaam
776 1291 948 1332 habebat
969 1292 1014 1331 in
1039 1296 1162 1332 semet
1183 1291 1285 1344 ipso,
1308 1291 1524 1338 rationem,
1546 1304 1669 1330 suam

134 1359 299 1400 scilicet.
363 1360 590 1401 rationalis
611 1361 720 1401 enim
743 1360 853 1408 (lens,
872 1366 907 1400 et
930 1359 1074 1407 †ratio
1095 1360 1140 1399 in
1161 1360 1301 1413 ipsam
1317 1359 1454 1413 prius,
1477 1365 1513 1400 et
1533 1359 1597 1400 ita
1619 1358 1669 1399 ab

135 1428 225 1481 ipso
263 1429 417 1477 omnia,
451 1443 556 1483 qaae
592 1430 702 1470 ratio
739 1444 880 1470 sensas
910 1429 1046 1483 ipsias
1077 1435 1143 1469 est.
1207 1429 1314 1469 hanc
1348 1428 1500 1469 Graeci
1535 1427 1670 1481 λόγον

137 1497 292 1545 dicant,
314 1513 390 1552 qao
413 1499 611 1540 uocabulo
641 1499 765 1539 etiam
796 1513 1023 1539 sermonem
1053 1498 1330 1552 appellamus.
1392 1498 1560 1552 ideoque
1580 1498 1669 1538 iam
1690 1514 1732 1535 20

136 1565 178 1605 in
206 1581 279 1606 asa
302 1572 359 1607 est
382 1572 616 1607 nostrorum
634 1581 714 1621 per
734 1567 1047 1622 simplicitatem
1063 1566 1423 1620 interpretationis
1443 1581 1670 1607 sermonem

136 1634 272 1676 (licere
307 1635 352 1675 in
382 1636 622 1689 primordio
660 1636 776 1690 apud
817 1636 939 1677 (lenm
972 1636 1124 1691 faisse,
1159 1650 1251 1676 cam
1291 1636 1428 1689 mayis
1464 1636 1670 1677 rationem

137 1709 339 1757 competat
369 1705 649 1758 antiquiorem
680 1705 836 1753 haberi,
862 1706 963 1760 qaia
998 1721 1078 1746 non
1110 1705 1359 1746 sermonalis
1389 1720 1415 1746 a
1442 1705 1670 1759 principio,

135 1773 190 1813 sit
220 1773 444 1813 rationalis
471 1773 583 1821 cleas,
616 1774 744 1815 etiam
777 1780 871 1815 ante
896 1773 1176 1828 principium,
1198 1780 1235 1815 et
1266 1774 1367 1828 qaia
1399 1773 1487 1828 ipse
1516 1789 1672 1828 qaoque

135 1855 268 1881 sermo
312 1841 470 1882 ratione
511 1843 744 1891 consistens,
781 1843 974 1896 priorem
1015 1857 1106 1883 eam
1148 1849 1193 1883 ut
1233 1842 1509 1884 substantiam
1549 1858 1666 1884 suam
1690 1861 1733 1891 25

137 1910 332 1951 ostendat.
395 1911 516 1966 Kaye
550 1926 588 1966 p.
624 1914 707 1952 500
740 1927 778 1952 n.
813 1914 848 1953 6.
908 1912 1109 1952 Harnack
1143 1912 1292 1952 Geseh.
1330 1911 1367 1952 (l.
1404 1912 1551 1953 altchr.
1587 1912 1668 1953 Lit.

137 1980 289 2029 (1893)
320 1990 333 2018 Ι
364 1979 458 2020 877.
521 1979 589 2021 On
617 1979 890 2020 Tertullian’s
923 1979 1171 2035 knowledge
1203 1981 1250 2020 of
1276 1980 1416 2020 Greek
1450 1980 1571 2034 Kaye
1605 1982 1669 2022 61.

226 2059 475 2088 ARTIFICEM
498 2050 544 2089 of
561 2049 654 2090 God
679 2049 792 2089 Laot.
817 2048 916 2089 Diu.
939 2048 1067 2089 Instat.
1092 2060 1125 2088 ΙΙ
1150 2051 1172 2088 2
1195 2047 1214 2105 ξ
1242 2051 1305 2089 18.
1331 2051 1381 2089 17
1397 2046 1416 2104 ξ
1433 2050 1468 2089 9.
1523 2048 1669 2089 Senec.

140 2117 215 2171 Ep.
236 2119 317 2158 113
334 2116 352 2173 ἓ
371 2119 422 2158 16
440 2117 581 2158 (liaz'ni
598 2119 776 2173 artificis
794 2118 1006 2172 inqeniam
1024 2117 1334 2172 (δημιουργός).
1386 2117 1670 2159 Antisthenes

139 2185 183 2224 in
206 2185 322 2225 Lacb.
347 2196 360 2225 I
385 2188 420 2226 5.
1689 2208 1734 2238 30

226 2269 264 2309 p.
307 2256 361 2295 68
403 2254 426 2295 l.
470 2257 523 2294 22
570 2266 688 2295 ZENO
731 2255 913 2295 Pearson
955 2253 1144 2306 (Cambr.
1184 2256 1315 2306 1891)
1355 2254 1468 2295 Zeno
1511 2254 1575 2295 Fr.
1614 2256 1669 2294 44

138 2327 224 2376 (pp.
250 2324 302 2363 92
326 2324 391 2371 93,
421 2323 560 2364 where
590 2323 641 2363 he
674 2323 793 2379 gives
822 2323 938 2363 Lact.
968 2334 1016 2362 IV
1047 2324 1070 2363 9
1100 2321 1120 2378 ξ
1152 2325 1175 2362 2
1198 2322 1334 2371 twice,
1362 2328 1437 2363 not,
1468 2322 1672 2376 knowing

138 2391 235 2431 ‘ahab
256 2391 314 2431 bk
338 2402 385 2431 IV
401 2412 435 2425 =
453 2392 517 2432 De
540 2392 653 2432 Vera
674 2392 928 2447 Sapientia).
980 2392 1074 2432 infr.
1097 2406 1128 2432 o.
1152 2393 1206 2433 46
1230 2407 1289 2446 pr.
1313 2391 1556 2433 Christians
1585 2392 1668 2432 and

137 2460 442 2515 philosophers.
493 2460 651 2501 Minue.
677 2463 729 2502 19
758 2459 853 2516 §10
883 2461 990 2502 Zeno
1023 2467 1059 2501 et
1094 2461 1354 2515 Chrysippus
1384 2466 1421 2502 et
1453 2460 1671 2501 Cleanthes

138 2535 234 2570 sant
266 2535 303 2569 et
334 2529 420 2583 ipsi
452 2528 745 2583 multiformes,
779 2529 850 2570 secl
881 2530 938 2570 acl
969 2530 1173 2570 unitatem
1204 2529 1500 2583 prouidentiae
1533 2544 1669 2570 omnes
1687 2547 1732 2578 35

138 2597 613 2639 =7·ez‹0lmmtm·..‚Zenon
644 2598 829 2639 eiusdem
860 2611 892 2640 <
915 2598 1126 2639 Cleanthis
1146 2610 1178 2638 >
1200 2599 1402 2651 mayister
1429 2599 1669 2639 metm-alem

140 2666 268 2720 legem
301 2672 421 2720 atque
451 2666 645 2707 dim'nam
677 2672 713 2707 et
745 2666 914 2707 aethera
946 2666 1115 2707 interim
1144 2666 1435 2720 interdumque
1465 2666 1669 2707 rationem

139 2734 232 2775 ilzclt
272 2734 457 2775 omnium
493 2748 576 2775 esse
610 2734 902 2789 principiam;
953 2735 1065 2776 idem
1109 2734 1424 2788 interpretando
1465 2734 1668 2776 Iunonem

244 2829 283 2854 M.
307 2829 339 2856 T.
1513 2818 1559 2854 19
