1827 3004
99 145 150 183 23
665 142 1062 183 TERTVLLIANI

96 256 277 296 distulit.
339 256 490 296 Merito
518 256 648 309 igitur
676 256 792 296 fama
820 256 989 296 tamdiu
1017 256 1186 296 conscia
1213 256 1303 297 sola
1332 261 1397 296 est
1424 256 1631 296 scelerum

96 334 449 375 Christianorum.
509 335 635 375 Hanc
675 334 860 374 indicem
901 335 1107 376 aduersus
1147 350 1225 376 nos
1265 335 1479 389 profertis,
1522 350 1633 389 quae

97 414 213 467 quod
245 414 476 468 aliquando
509 415 691 454 iactauit
722 419 935 467 tantoque
966 415 1108 468 spatio
1139 415 1183 455 in
1216 415 1462 468 opinionem
1495 429 1632 456 corro-

98 494 270 534 borauit
307 509 441 548 usque
480 495 621 534 adhuc
659 494 842 548 probare
878 509 965 534 non
1003 495 1155 544 ualuit,
1196 500 1246 535 ut
1283 495 1413 535 fidem
1451 500 1634 536 naturae

95 574 228 627 ipsius
267 574 477 627 appellem
517 563 724 613 aduersus
763 587 833 613 eos
874 573 947 626 qui
987 574 1092 613 talia
1132 573 1344 614 credenda
1385 588 1473 614 esse
1513 588 1632 628 prae·
1655 588 1672 617 5

95 659 286 694 sumunt.
1682 656 1721 696 κ]

178 796 219 836 8.
279 795 389 835 Ecce
417 794 696 848 proponimus
724 795 877 835 horum
906 795 1146 836 facinorum
1174 796 1427 837 mercedem.
1485 796 1633 837 Vitam

94 880 315 915 aeternam
336 875 660 928 repromittunt.
711 875 879 915 Credite
900 875 1086 916 interim.
1136 876 1202 916 De
1223 875 1303 916 hoc
1324 876 1437 916 enim
1458 890 1632 930 quaero,

96 969 151 994 an
181 960 223 994 ct
251 955 323 1007 qui
352 954 579 994 credideris
608 954 721 994 tanti
750 954 909 994 habeas
938 954 994 994 ad
1023 969 1117 994 eam
1146 955 1222 995 tali
1251 956 1512 996 conscientia
1541 970 1632 1010 per-

95 1034 252 1074 uenire.
312 1034 432 1082 Veni,
466 1033 663 1087 demerge
695 1033 855 1073 ferrum
886 1033 930 1073 in
960 1033 1174 1074 infantem
1205 1035 1364 1075 nullius
1394 1035 1630 1084 inimicum,
1655 1054 1698 1077 ιο

94 1113 251 1153 nullius
283 1127 415 1161 reum,
450 1114 643 1153 omnium
675 1113 824 1162 filium,
858 1114 939 1163 uel,
975 1114 1009 1154 si
1041 1114 1218 1154 alterius
1251 1114 1439 1155 officium
1472 1120 1548 1164 est,
1583 1121 1633 1156 tu

96 1192 224 1232 modo
271 1192 430 1232 adsiste
478 1192 674 1232 morienti
726 1192 888 1232 homini
936 1198 1174 1247 antequam
1221 1194 1345 1243 uixit,
1396 1194 1633 1249 fugientem

96 1273 285 1312 animam
315 1287 473 1313 nouam
507 1278 700 1326 expecta,
734 1273 882 1327 excipe
912 1273 1065 1313 rudem
1095 1274 1362 1329 sanguinem,
1396 1289 1444 1315 eo
1476 1289 1633 1329 panem

95 1357 220 1392 tuum
258 1352 381 1401 satia,
421 1366 590 1392 uescere
627 1352 824 1393 libenter.
885 1354 1057 1394 Interea
1095 1353 1370 1395 discumbens
1408 1355 1634 1395 dinumera

94 1430 199 1479 loca,
232 1431 304 1471 ubi
334 1437 484 1481 mater,
516 1432 589 1472 ubi
618 1447 758 1481 soror,
804 1438 909 1474 nota
939 1433 1176 1488 diligenter,
1208 1440 1270 1483 ut,
1303 1449 1401 1475 cum
1430 1435 1633 1476 tenebrae
1658 1453 1696 1484 15

95 1510 326 1550 ceciderint
359 1511 549 1561 caninae,
586 1527 673 1552 non
707 1527 830 1554 erres.
892 1514 1117 1555 Piaculum
1151 1515 1264 1555 enim
1298 1515 1521 1556 admiseris
1553 1515 1701 1572 nisiff

92 1589 305 1629 incestum
325 1589 484 1631 feceris.
546 1592 664 1632 Talia
684 1593 884 1634 initiatus
904 1599 947 1634 et
967 1595 1244 1649 consignatus
1264 1595 1376 1636 uiuis
1395 1596 1439 1636 in
1459 1610 1630 1636 aeuum.

95 1669 229 1723 Cupio
264 1671 534 1724 respondeas,
571 1673 605 1713 si
640 1674 754 1714 tanti
788 1675 1036 1716 aeternitas.
1097 1675 1188 1716 Aut
1221 1676 1255 1716 si
1289 1690 1389 1725 non,
1425 1676 1521 1717 ideo
1556 1690 1634 1716 nec

95 1747 319 1788 credenda.
381 1749 564 1790 Etiamsi
594 1751 833 1802 credideris,
861 1767 969 1808 nego
995 1759 1039 1794 te
1064 1754 1194 1804 uelle;
1238 1755 1407 1796 etiamsi
1432 1755 1631 1804 uolueris,

95 1842 202 1882 nego
232 1833 275 1868 te
300 1843 435 1882 posse.
497 1830 580 1871 Cur
605 1846 702 1886 ergo
729 1833 799 1873 alii
825 1834 1004 1887 possint,
1032 1834 1066 1874 si
1091 1848 1169 1875 uos
1193 1849 1281 1876 non
1305 1836 1515 1889 potestis?
1560 1850 1635 1876 cur
1654 1854 1699 1876 20

94 1921 181 1946 non
205 1908 389 1961 possitis,
416 1910 450 1949 si
474 1910 546 1951 alii
570 1913 779 1965 possunt?
842 1913 938 1953 Alia
962 1927 1052 1962 nos,
1080 1913 1244 1967 opinor,
1271 1920 1451 1965 natura;
1494 1915 1632 1970 Cyno-

96 2001 231 2039 paene
260 1993 336 2027 aut
366 1988 622 2042 sciapodes?
684 1991 766 2032 Alii
797 1992 967 2033 ordines
996 1993 1206 2043 dentium,
1238 1994 1309 2034 alii
1339 1994 1395 2034 ad
1423 1995 1633 2035 incestam

95 2065 315 2133 libidinem
346 2068 492 2109 nerui?
557 2069 637 2118 Qui
668 2071 750 2111 ista
783 2071 918 2112 credis
948 2071 1001 2112 de
1031 2072 1216 2122 homine,
1250 2079 1375 2127 potes
1405 2080 1449 2115 et
1479 2075 1630 2116 facere.

96 2144 239 2185 Homo
269 2160 311 2186 es
340 2152 382 2187 et
408 2147 510 2201 ipse,
542 2150 659 2203 quod
687 2156 731 2191 et
759 2151 1039 2192 Christianus.
1102 2152 1183 2201 Qui
1210 2168 1297 2193 non
1326 2160 1449 2208 potes
1477 2154 1630 2204 facere,

96 2238 182 2264 non
209 2224 338 2265 debes
364 2227 545 2268 credere.
606 2229 749 2270 Homo
778 2236 843 2271 est
870 2231 983 2272 enim
1011 2237 1055 2272 et
1081 2232 1349 2274 Christianus
1376 2239 1420 2274 et
1446 2234 1563 2288 quod
1589 2240 1634 2275 et
1653 2254 1696 2285 25

97 2308 158 2342 tu.
219 2303 301 2343 Sed
328 2305 626 2358 ignorantibus
653 2309 864 2350 subicitur
892 2316 935 2351 et
961 2311 1197 2365 inponitur.
1259 2312 1375 2353 Nihil
1405 2313 1518 2353 enim
1546 2314 1632 2354 tale

97 2382 149 2421 de
180 2382 430 2425 Christianis
460 2389 692 2429 asseuerari
723 2389 918 2431 sciebant
947 2391 1267 2433 obseruandum
1297 2394 1450 2448 utique
1478 2394 1559 2435 sibi
1590 2399 1633 2435 et

97 2461 213 2501 omni
263 2463 484 2515 uigilantia
534 2467 897 2523 inuestigandum.
958 2471 1125 2525 Atquin
1174 2473 1421 2514 uolentibus
1470 2473 1631 2514 initiari

99 2541 226 2580 moris
263 2548 338 2591 est,
378 2545 539 2597 opinor,
579 2548 697 2600 prius
732 2555 901 2602 patrem
937 2550 1058 2591 illum
1095 2566 1315 2593 sacrorum
1351 2553 1481 2602 adire,
1521 2568 1631 2608 quae

41 2629 47 2655 ι
99 2621 394 2672 praeparanda
415 2623 501 2663 sint
522 2624 771 2667 describere.
833 2628 943 2668 Tum
964 2629 1054 2670 ille:
1094 2630 1246 2671 Infans
1268 2631 1348 2672 tibi
1369 2633 1632 2673 necessarius
1654 2649 1698 2680 30

100 2698 240 2738 adhuc
273 2705 403 2749 tener,
439 2704 511 2756 qui
544 2706 707 2747 nesciat
739 2713 936 2757 mortem,
972 2710 1045 2763 qui
1077 2710 1156 2751 sub
1190 2711 1328 2752 cultro
1360 2717 1437 2752 tuo
1468 2712 1630 2762 rideat3

47 2778 52 2781 '
98 2777 201 2817 item
250 2781 383 2831 panis,
434 2797 518 2835 quo
564 2786 782 2839 sanguinis
828 2787 1105 2829 uirulentiam
1152 2790 1347 2846 colligas3
1410 2797 1633 2845 praeterea

1812 224 1827 422 --r-»-*2··r
1795 0 1827 210 Μ
