1827 3004
60 807 101 829 10

67 1500 110 1521 20

108 59 188 98 384
670 49 1069 92 TERTVLLIANI
1296 48 1354 101 [p.
1382 45 1508 86 1101.
1535 46 1646 84 14—

111 173 253 213 docent
287 177 322 212 et
350 169 588 222 instigsant?
628 174 706 208 oet.
766 164 786 221 ξ
815 168 868 206 33
902 163 1083 205 uitanda
1111 177 1207 216 erqo
1237 161 1473 216 spectacula
1505 158 1643 199 omnia

112 256 191 282 non
223 240 356 280 solum
394 252 441 279 ne
481 236 583 292 quid
620 236 824 276 uitiorum
854 233 1090 288 pectoribus
1124 231 1319 278 insideat,
1353 243 1458 285 quae
1499 227 1648 269 sedata

112 316 150 351 et
175 308 360 364 pacifica
388 321 471 348 esse
504 305 656 353 debent,
683 304 754 345 sed
788 318 836 344 ne
871 303 991 344 cuius
1023 317 1096 343 nos
1132 299 1366 354 uoluptatis
1401 295 1648 339 consuetudo

112 377 295 419 deleniat
316 381 352 417 et
373 390 400 416 a
422 375 495 416 (leo
518 380 639 429 atque
661 388 688 414 a
710 372 826 414 bonis
847 370 1038 426 operibus
1060 375 1236 410 auertat.
1299 367 1361 409 Cf.
1385 365 1498 421 Epit.
1523 367 1588 406 63.

203 445 271 487 On
293 445 367 486 the
391 443 503 484 word
526 442 817 483 renuntiamus
844 455 913 481 sce
941 441 1028 480 also
1051 439 1187 479 Blunt
1215 437 1292 479 Ch.
1322 436 1438 477 First
1471 438 1496 476 3
1526 434 1649 476 Cent.

115 530 153 571 p.
178 517 231 555 39
249 517 340 554 11.1.
365 515 500 553 10411.
526 515 560 552 1.
587 513 766 552 105-6.
790 525 902 564 supr.
928 511 951 549 6
967 524 1005 564 p.
1025 523 1077 549 m.
1101 522 1139 563 p.
1163 509 1218 547 24
1240 507 1264 547 1.
1290 509 1324 546 1.
1382 505 1448 545 De
1475 503 1651 544 Exhort.

117 582 346 626 Castitatis
374 583 427 622 10
450 596 509 636 pr.
533 580 776 622 carnalibus
786 578 1013 634 fructibus.
1076 576 1202 632 Cypr.
1228 590 1266 630 p.
1301 576 1383 615 426
1407 576 1444 614 8.
1468 574 1562 614 652.
1587 574 1653 611 11.

117 653 228 708 Aug.
259 652 383 706 Bap‘o.
406 665 438 691 c.
462 649 616 690 Donat.
645 659 675 688 V
704 650 758 688 28
784 646 803 703 ξ
830 648 894 688 39.
957 645 1118 700 Symm.
1144 644 1223 684 Pro
1246 643 1372 683 Patre
1396 644 1419 683 6
1441 641 1511 681 fin.
1535 643 1559 681 8
1582 640 1651 680 fin.

119 721 202 775 (ed.
226 720 362 761 Seeck
383 734 451 775 pp.
475 718 675 770 333—4).
738 715 916 758 Salui-cm
939 714 1005 755 De
1028 713 1263 755 Gubernat.
1287 711 1369 752 Dei
1391 722 1444 750 111
1466 708 1485 764 ἓ
1507 712 1558 749 15
1578 714 1657 749 ter.

121 790 293 831 Ro'nsch
326 791 421 831 380.
487 786 669 839 Quintil.
702 798 733 826 X
767 785 788 826 7
818 784 837 840 ξ
865 787 886 823 1
912 799 950 824 n.
973 781 1170 824 ciuilibus
1201 781 1355 836 officiis.
1418 779 1515 820 Sen.
1548 778 1654 818 Plin.

123 860 243 902 Suet.
304 858 457 899 lustin.
481 856 603 912 Apol.
626 867 641 896 Ι
664 857 718 896 49
747 854 766 911 ᾗ
787 857 810 895 5
834 869 872 909 p.
891 851 972 911 1851'
993 855 1084 897 τοῖς
1108 850 1304 894 εἰδώλοις
1327 848 1620 900 ἀπετάξαντο.

208 944 246 984 p.
267 928 388 969 1101.
408 929 459 968 15
475 935 829 966 SVPERSTITIONE
846 923 912 963 De
927 921 1069 977 Specta.
1089 923 1240 961 5—11.
1285 919 1401 959 Lact.
1417 918 1515 959 Diu.
1530 917 1658 957 Instt.

123 1011 172 1039 VI
197 1001 250 1039 20
271 996 291 1053 ξ
312 1000 366 1039 34
390 1012 486 1037 nam
511 995 711 1036 ludorum
737 992 1029 1035 celebrationes
1057 990 1230 1031 deorum
1251 988 1371 1044 festa
1401 993 1508 1035 sunt,
1529 986 1658 1040 siqui-

124 1070 217 1111 dem
241 1068 286 1109 ob
314 1067 478 1108 natales
506 1080 649 1106 eorum
680 1064 742 1105 uel
763 1062 1015 1116 templorum
1035 1075 1242 1101 nouorum
1263 1058 1544 1100 dedicationes
1564 1061 1662 1096 sunt

126 1137 347 1180 constituti.
407 1133 427 1190 §
457 1136 510 1176 35
543 1140 580 1175 et
604 1133 811 1188 primitus
841 1130 1009 1186 quidem
1044 1129 1291 1177 uenationes,
1320 1141 1425 1182 quae
1458 1131 1663 1166 uocantur

131 1220 314 1254 munera,
349 1205 535 1245 Saturno
577 1202 803 1243 attributae
843 1205 949 1248 sunt,
992 1198 1084 1239 ludi
1125 1203 1265 1238 autem
1304 1195 1455 1238 scenici
1501 1193 1660 1240 Libera,

128 1277 327 1318 circenses
343 1288 442 1315 uero
458 1272 666 1327 Neptuno,
712 1269 943 1325 paullatim
963 1274 1100 1309 tamen
1116 1272 1153 1308 et
1167 1265 1312 1307 ceteris
1328 1264 1395 1306 dis
1411 1263 1663 1312 idemslzonos

129 1344 258 1386 tribui
288 1342 430 1397 coepit,
457 1340 695 1395 sinyulique
727 1338 820 1379 ludi
852 1335 1094 1378 numinibus
1127 1349 1272 1375 eorum
1299 1330 1528 1374 consecrati
1557 1335 1663 1377 sunt,

129 1415 236 1456 sicut
272 1412 488 1454 Sisinnius
525 1410 675 1464 Capito
709 1409 755 1449 in
789 1408 910 1449 libris
942 1405 1276 1461 spectaculorum
1307 1403 1431 1443 docet.
1492 1398 1512 1456 ξ
1543 1401 1596 1441 36
1628 1399 1665 1439 si

132 1485 224 1540 quis
265 1483 399 1538 iyitur
438 1479 686 1536 spectaculis
715 1479 895 1526 interest,
928 1475 985 1516 ad
1016 1489 1120 1529 quae
1152 1472 1370 1527 religionis
1397 1470 1544 1526 9ratia
1575 1483 1668 1509 con-

136 1555 311 1603 uenitur,
345 1552 534 1593 discessit
567 1566 593 1591 a
629 1549 710 1590 Dei
742 1548 857 1589 cultu
894 1552 931 1587 et
963 1545 1019 1586 ad
1060 1544 1156 1585 deos
1195 1558 1236 1584 se
1278 1541 1460 1590 contulit,
1490 1554 1668 1594 quorum

131 1623 296 1665 natales
336 1627 374 1663 et
403 1621 522 1676 festa
553 1617 790 1661 celebrauit.
853 1615 967 1670 Epit.
1012 1615 1077 1655 63.
1139 1612 1306 1668 [Cypr]
1348 1610 1414 1651 De
1457 1609 1599 1664 Spect.
1642 1609 1669 1647 4

133 1693 235 1749 quid
265 1693 480 1746 scriptura
509 1688 760 1731 intei'diait?
813 1684 1032 1741 prohibuit
1063 1682 1174 1724 enim
1204 1680 1386 1736 spectari
1426 1677 1533 1733 quod
1568 1692 1670 1731 pro-

135 1763 241 1805 hibet
260 1762 365 1816 gyeri.
415 1760 569 1807 omnia,
590 1759 775 1813 inquam,
797 1755 882 1796 ista
903 1752 1238 1808 spectaculorum
1257 1764 1412 1805 yenera
1436 1747 1669 1793 damnauit,

101 1849 114 1855 “
138 1833 305 1888 quando
345 1830 640 1872 idololatriam
679 1825 849 1867 sustulit
890 1823 1090 1864 ludorum
1121 1819 1309 1862 omnium
1340 1824 1530 1862 matrem,
1562 1815 1671 1855 unde

137 1901 237 1941 haec
266 1896 474 1939 ‘uanitatis
496 1901 532 1937 et
554 1893 741 1936 leuitatis
768 1896 958 1932 monstra
979 1892 1190 1929 uenerunt.
1251 1885 1360 1940 quod
1382 1884 1493 1924 enim
1513 1887 1671 1936 specta-

138 1968 280 2010 culum
310 1966 398 2007 sine
428 1964 552 2013 idolo,
578 1962 671 2017 quis
703 1961 828 2001 ludus
857 1959 946 1999 sine
976 1955 1197 2010 sacrificio,
1220 1953 1329 2009 quod
1355 1958 1561 1994 certamen
1591 1964 1671 1990 non

139 2042 421 2080 consecratum
456 2033 645 2075 mortuo?
705 2029 922 2085 Bingham
954 2038 1037 2067 XVI
1071 2028 1110 2073 4,
1144 2027 1168 2066 9
1203 2039 1242 2064 n.
1276 2025 1342 2064 43.

229 2115 487 2147 CONCEPTAS
518 2117 550 2143 c.
585 2104 637 2142 25
669 2105 766 2156 post
798 2097 906 2139 med.
936 2112 974 2152 p.
1005 2098 1059 2137 88
1092 2095 1115 2135 l.
1149 2096 1203 2135 34
1233 2108 1331 2133 nam
1363 2091 1439 2133 etsi
1470 2105 1497 2131 a
1528 2089 1672 2130 Numa

79 2198 123 2229 30
142 2181 337 2230 concepta
357 2179 415 2215 est
435 2171 659 2214 curiositas
679 2167 981 2223 superstitiosa.

230 2259 268 2299 p.
294 2245 376 2284 110
399 2242 422 2282 1.
447 2243 499 2282 16
523 2247 880 2280 PRAETERSVMVS
903 2234 977 2275 ἄπ.
1001 2233 1074 2286 εἰρ.

231 2328 270 2368 p.
295 2314 377 2352 110
404 2311 429 2352 1.
454 2310 503 2350 17
530 2317 719 2349 INSANIA
741 2305 807 2345 De
835 2304 1027 2359 Speotac.
1052 2303 1116 2341 14.
1141 2302 1193 2341 16
1223 2314 1282 2355 pr.
1305 2313 1398 2340 cum
1428 2311 1524 2351 eryo
1545 2295 1679 2351 furor

146 2380 416 2423 interdicitur
436 2377 562 2425 nobis,
584 2376 635 2417 ab
663 2374 779 2416 omni
803 2371 1035 2427 spectaculo
1067 2368 1319 2424 auferimur,
1341 2366 1470 2407 etiam
1501 2379 1528 2405 a
1559 2364 1680 2410 circo,

151 2452 220 2493 ubi
246 2449 422 2506 proprie
446 2448 581 2502 furor
608 2443 835 2500 praesidet.
896 2441 1066 2496 adspice
1097 2438 1306 2494 populum
1341 2436 1399 2477 ad
1433 2435 1480 2475 id
1521 2439 1678 2488 specta-

88 2539 131 2572 35
151 2521 291 2563 culum
312 2520 403 2559 iam
424 2532 517 2558 cum
537 2515 692 2571 furore
719 2513 960 2554 uenientem.
973 2543 980 2551 .
993 2510 1133 2550 aulius
1154 2506 1384 2549 dementiae
1406 2519 1491 2545 una
1512 2518 1592 2543 uox
1611 2507 1680 2543 est.

153 2603 342 2645 coynosce
363 2585 614 2629 dementiam
637 2583 686 2624 de
707 2583 905 2623 uanitate.
968 2579 1078 2619 Adu.
1102 2578 1228 2618 Marc.
1253 2588 1267 2616 1
1292 2574 1343 2615 27
1367 2589 1405 2629 p.
1423 2575 1505 2615 329
1524 2573 1550 2613 1.
1566 2575 1590 2612 4
1606 2571 1682 2612 Kr.

153 2659 255 2715 quid
287 2673 367 2698 non
389 2656 641 2711 frequentas
674 2659 762 2694 tam
798 2651 1018 2692 sollemnes
1046 2648 1278 2702 uoluptates
1305 2644 1409 2685 circi
1425 2642 1616 2697 furentis
1646 2645 1682 2681 et

154 2742 305 2771 caueae
336 2724 561 2768 saeuientis
585 2729 623 2764 et
644 2736 819 2764 scaenae
849 2718 1140 2761 lasciuientis?
1201 2714 1326 2755 Prud.
1351 2708 1683 2766 Hamarbigenia
