1827 3004
146 73 188 114 p.
215 63 295 102 130
317 61 344 102 1.
371 62 438 114 17]
652 61 1090 103 APOLOGETICVS
1122 64 1176 103 46
1602 61 1684 101 443

232 188 271 229 p.
296 176 378 215 130
411 175 434 214 l.
459 176 482 215 9
517 185 745 214 DIOGENES
778 174 842 215 De
876 174 977 215 Pall.
1001 176 1027 214 4
1057 189 1096 229 p.
1118 189 1171 214 m.
1194 175 1229 225 (Ι
1258 176 1341 215 940
1367 174 1544 222 Oehler)
1576 175 1684 229 quod

145 241 184 282 si
210 242 299 282 iam
329 248 422 283 tunc
450 243 632 283 locorum
663 242 870 295 Dioyenes
898 241 947 283 de
975 242 1086 283 dolio
1116 243 1304 290 latraret,
1327 257 1405 283 non
1432 242 1685 283 caenulentis

140 310 327 364 pedibus,
368 317 413 351 ut
460 311 543 351 tori
582 310 798 351 Platonici
846 311 991 359 sciunt,
1034 310 1324 353 <insultasset
1366 311 1525 351 Oehler
1546 323 1577 351 >
1613 310 1684 352 sed

146 379 311 419 omnino
355 385 483 420 totum
524 379 820 433 Empedoclem
862 380 903 419 in
947 379 1079 434 adyta
1124 380 1421 421 Cloacinarum
1463 380 1683 421 detulisset.

145 447 270 503 Diog.
292 447 431 489 Laert.
456 460 503 489 VI
532 450 584 489 25
616 449 728 489 Men.
763 451 919 490 πατῶν
951 449 1086 490 αὐτοῦ
1118 466 1226 490 ποτε
1256 449 1496 502 στρώματα
1529 455 1682 500 κεκλη-
1703 471 1724 502 5

143 515 271 559 κότος
321 516 479 570 φίλους
529 515 651 571 παρὰ
699 516 947 565 Διονυσίου,
992 517 1088 572 ἔφη,
1131 519 1266 558 Hans>
1314 516 1389 569 νὴν
1442 517 1683 562 Πλάτωνος

145 584 477 626 κενοσπουδίαν.
522 584 632 639 πρὸς
654 583 702 625 ὃν
726 583 746 626 ὁ
773 584 1137 635 Πλ(ίτων”Οσον,
1157 585 1188 626 ὦ
1210 586 1422 637 Διόγενες,
1440 589 1516 627 τοῦ
1544 585 1684 641 τύφου

145 651 401 707 διαφαίνεις,
434 653 572 695 δοκῶν
602 652 661 705 μὴ
700 655 997 707 τετυφῶσθαι.
1060 655 1102 697 οἱ
1134 655 1178 696 δέ
1214 659 1329 709 φασι
1360 655 1436 697 τὸν
1474 656 1683 709 Διογένην

144 721 293 771 εἰπεῖν,
327 722 463 763 Hans
496 721 572 764 τὸν
608 723 855 767 Πλάτωνος
887 727 1038 777 τῦφον,
1070 724 1145 765 τὸν
1177 723 1220 765 δὲ
1254 725 1402 778 φάναι,
1435 724 1600 780 (Ετέρῳ
1633 742 1682 779 »γε

142 788 277 845 τύφῳ,
311 791 525 844 Διόγενες.
1703 812 1748 835 10

227 874 268 914 p.
292 861 373 900 130
406 860 429 900 l.
456 862 508 901 10
541 871 779 901 DECVLCAT
821 860 907 901 Vit.
942 861 1052 903 Patr.
1092 874 1143 902 III
1181 864 1246 911 86,
1281 863 1328 903 of
1363 863 1578 911 Zacharia,
1611 863 1683 918 qui

134 927 326 982 pallium
362 944 484 969 suum
517 928 707 983 deposuit
739 929 880 970 subtus
910 931 1038 983 pedes
1070 946 1164 971 suos
1199 937 1235 972 et
1271 932 1529 973 conculcauit
1562 932 1680 981 illud,

140 1003 178 1038 et
198 997 307 1039 ἀίω-ιι
322 1014 333 1038 .·
367 999 474 1038 ‘nisi
494 998 740 1053 quisfuerit
761 1000 1034 1047 conculcatus,
1058 1000 1282 1042 monachus
1304 1016 1387 1042 esse
1419 1016 1500 1042 non
1524 1002 1680 1056 potest.'

141 1064 232 1106 The
254 1066 367 1106 word
389 1066 476 1106 also
497 1066 543 1106 in
561 1066 668 1107 Plin.
691 1066 775 1107 and
798 1067 910 1108 Stat.
973 1067 1074 1120 [See
1097 1068 1185 1109 also
1208 1069 1330 1109 Thes.
1392 1069 1442 1110 A.
1462 1069 1523 1123 S.]

228 1150 264 1189 p.
291 1137 374 1176 130
406 1136 429 1176 l.
456 1138 505 1176 11
542 1147 844 1177 PYTHAGORAS
876 1137 1036 1177 Arnob.
1069 1149 1083 1177 Ι
1116 1140 1170 1179 40
1202 1138 1475 1193 Pythagoras
1509 1139 1681 1180 Samius
1702 1153 1744 1185 15

139 1204 370 1259 suspicione
401 1205 690 1246 damnationis
724 1206 883 1246 iniusta
913 1207 1040 1247 uiuus
1074 1213 1357 1248 concrematus
1392 1208 1437 1248 in
1463 1207 1574 1262 fano
1612 1214 1681 1249 est.

139 1272 356 1328 Athenag.
388 1276 439 1315 31
474 1289 513 1329 p.
547 1276 631 1315 352¹.
692 1273 817 1330 Diog.
842 1274 981 1316 Laert.
1005 1286 1093 1315 VIII
1116 1277 1187 1316 39.

226 1357 264 1397 p.
290 1344 372 1383 130
394 1343 418 1384 1.
443 1345 495 1383 12
527 1354 836 1383 TYRANNIDEM
864 1354 1129 1384 AFFECTANT
1151 1343 1334 1395 Quintil.
1356 1344 1434 1385 bis.
1485 1345 1682 1399 tyrannis

142 1409 228 1452 Cic.
252 1410 346 1452 Liu.
370 1410 453 1453 ΟΠ.
474 1411 750 1452 Valet-Max,
773 1418 852 1452 cet.

226 1494 268 1534 p.
292 1481 374 1520 130
406 1480 430 1521 1.
456 1481 509 1520 13
541 1494 655 1535 supr.
678 1494 710 1521 c.
734 1482 788 1521 38
820 1495 860 1535 p.
881 1483 962 1521 110
995 1481 1018 1522 l.
1044 1484 1109 1520 11.
1169 1481 1325 1522 Tatian
1360 1484 1409 1521 11
1436 1496 1496 1536 pr.
1558 1481 1679 1536 Kaye
1699 1501 1746 1524 20

139 1551 235 1591 342.
297 1549 531 1590 Neumann
563 1560 579 1589 I
613 1551 694 1590 125
727 1564 768 1590 n.
792 1552 827 1591 1.
871 1551 950 1590 241
985 1565 1026 1590 n.
1055 1552 1091 1591 4.

226 1629 604 1667 AEQVANIMITATE
661 1619 727 1659 De
780 1619 966 1660 Patient.
1020 1621 1043 1659 2
1085 1634 1148 1674 pr.
1205 1620 1382 1661 caninae
1418 1620 1679 1674 aequanimi-

139 1687 240 1729 tatis
271 1693 449 1742 stupore.
512 1690 537 1729 3
572 1703 612 1744 p.
643 1690 669 1728 4
702 1689 727 1729 l.
759 1691 811 1730 19
843 1688 917 1730 Kr.
985 1689 1079 1731 Ter.
1112 1689 1219 1730 Plin.
1253 1689 1372 1730 Lact.
1423 1689 1524 1743 [See
1557 1689 1680 1730 Thes.

139 1756 192 1797 A.
214 1755 273 1810 S.]

228 1836 524 1867 CONGREDIAR
565 1826 618 1867 ad
650 1832 738 1867 nat.
775 1838 809 1866 II
845 1829 865 1866 1
891 1841 952 1882 pr.
986 1827 1037 1868 de
1070 1827 1157 1868 deis
1192 1828 1343 1868 uestris
1373 1826 1597 1868 uobiscum.
1700 1849 1743 1881 25

225 1910 265 1951 p.
290 1897 372 1936 130
403 1896 427 1936 l.
453 1898 507 1936 14
539 1895 896 1951 ἀποκαρτέρησις
928 1896 973 1936 in
1005 1896 1190 1948 Quintil.
1220 1908 1307 1937 VIII
1343 1900 1364 1936 5
1397 1894 1680 1951 §23Te1-t.

139 1964 252 2006 Adu.
274 1965 402 2006 Marc.
426 1976 440 2005 Ι
465 1967 518 2005 14
540 1980 580 2020 p.
603 1967 684 2007 309
708 1966 734 2006 l.
756 1967 779 2006 2
804 1965 878 2006 Kr.
932 1964 1245 2021 ἀποκαρτερῶν
1261 1966 1355 2020 (per
1377 1965 1566 2006 inediamv
1594 1964 1679 2005 dis-

140 2034 302 2087 cedens)
333 2034 378 2075 in
410 2033 497 2076 Cic.
523 2035 644 2076 Tusc.
671 2046 686 2075 I
708 2050 742 2075 c.
764 2037 819 2075 34
847 2034 954 2090 5384.
1016 2035 1065 2076 cf.
1098 2034 1267 2076 Liddell
1299 2035 1383 2075 and
1416 2034 1540 2075 Scott
1573 2033 1679 2074 ἀπο-

139 2102 356 2158 καρτερέω
389 2103 473 2144 and
504 2103 588 2144 add
621 2103 734 2144 Plut.
767 2103 917 2144 Pericl.
950 2105 1003 2144 16
1033 2102 1052 2159 ξ
1077 2105 1115 2143 4.
1176 2103 1242 2145 Cf.
1270 2104 1357 2144 also
1390 2118 1461 2158 my
1493 2108 1593 2143 note
1626 2117 1679 2143 on

140 2171 249 2212 Plin.
279 2172 357 2227 Ep.
385 2183 439 2212 III
471 2171 493 2213 7
524 2171 587 2228 §1
623 2172 707 2213 and
741 2173 850 2214 lexx.
878 2187 953 2214 s.u.
975 2172 1129 2213 inedia.
1191 2172 1332 2227 Supra
1363 2174 1389 2212 4
1422 2187 1458 2227 p.
1478 2187 1529 2212 m.
1563 2186 1602 2226 p.
1627 2173 1678 2213 16
1699 2191 1744 2222 30

138 2255 221 2281 non
251 2241 361 2281 enim
397 2247 435 2282 et
464 2241 600 2295 ipsius
635 2241 822 2296 Lycuryi
856 2241 963 2296 leyes
998 2256 1025 2281 a.
1060 2241 1406 2282 Lacedaemoniis
1437 2241 1680 2282 emendatae

139 2315 304 2351 tantuin
334 2310 498 2351 auctori
527 2325 600 2350 suo
631 2310 790 2351 doloris
820 2310 1091 2358 incusserunt,
1117 2315 1162 2350 ut
1192 2310 1238 2349 in>
1267 2325 1423 2351 secessu
1454 2310 1595 2351 inedia
1629 2309 1680 2350 de

139 2384 263 2419 semet
292 2379 384 2432 ipso
414 2379 650 2420 iudicarit?

227 2461 266 2501 p.
303 2449 385 2488 130
428 2447 454 2488 l.
491 2451 541 2488 15
585 2458 728 2488 ETIAM
781 2457 1030 2487 DAMNATVS
1076 2458 1271 2488 GRATIAS
1314 2458 1422 2487 AGIT
1469 2462 1503 2488 c.
1551 2451 1570 2487 1
1608 2448 1677 2490 fin.

140 2531 173 2557 c.
206 2518 260 2557 50
292 2516 364 2557 fin.
394 2531 436 2556 n.
1698 2534 1743 2566 35

226 2600 266 2640 p.
297 2587 379 2626 130
409 2586 434 2626 l.
467 2587 519 2627 16
552 2596 811 2627 DEPOSITVM
844 2586 891 2626 R.
923 2585 1114 2641 Seeberg
1145 2586 1189 2626 in
1220 2586 1340 2626 Zahn
1372 2586 1408 2626 F
1411 2586 1677 2641 orschungen

140 2665 171 2694 V
204 2655 298 2695 396.
361 2653 456 2695 qu.
490 2656 542 2695 13
572 2656 626 2695 60
649 2669 689 2695 n.

227 2738 266 2778 p.
292 2725 374 2764 130
397 2723 422 2764 l.
446 2722 497 2764 17
522 2734 673 2764 EXTRA
705 2724 753 2764 ef.
776 2724 963 2765 emti-anei
984 2738 1039 2764 ce.
1064 2723 1100 2765 7.
1123 2726 1190 2766 31.
