1827 3004
189 117 268 156 242
749 115 1152 157 TERTVLLIANI
1440 119 1498 172 [p.
1522 120 1576 159 50
1597 118 1624 159 l.
1650 120 1731 158 3—

188 230 271 271 Dei
303 241 389 270 VIII
419 231 443 271 3
473 244 511 284 p.
535 244 588 269 m.
652 229 762 270 Plut.
787 241 820 269 ΙΙ
851 229 949 271 537f
975 232 1086 271 5382&
1147 231 1233 283 (De
1266 231 1440 272 Inuidia
1468 238 1512 273 et
1542 232 1653 273 Odio
1683 234 1728 285 6)

188 299 266 339 vol.
298 310 383 338 VIII
411 313 449 353 p.
476 300 557 338 128
580 298 628 338 R.
692 297 808 354 Orig.
838 294 970 340 contr.
1000 298 1110 340 Cels.
1140 311 1155 339 Ι
1184 297 1203 355 ξ
1231 303 1256 341 3
1285 301 1342 355 (p.
1374 302 1478 353 323)
1505 317 1542 356 p.
1571 304 1595 341 5
1626 302 1648 342 l.
1675 303 1726 343 56

188 367 292 408 with
326 367 516 422 Spencer
545 368 633 422 (pp.
666 370 691 407 8
722 370 777 420 12).
838 366 857 423 ξ
889 369 941 408 65
972 367 1181 408 Aristotle
1213 368 1433 409 withclrew
1466 375 1509 410 to
1547 369 1727 418 Chalcis,

189 437 269 477 lest
285 436 358 477 the
381 436 624 477 Athenians
646 436 799 477 should
820 452 844 476 a
866 437 1019 477 second
1042 437 1148 477 tilnc
1170 437 1236 478 sin
1262 438 1432 493 against
1461 438 1725 494 philosophy.

150 504 395 552 5ThemiSt.
434 505 504 546 Or.
544 507 598 546 20
634 520 672 561 p.
712 508 821 547 2390.
895 506 1136 562 WesscHng
1177 522 1231 548 on
1272 507 1443 550 Di0dor.
1479 508 1608 550 Sicul.
1644 520 1726 549 ΧΙΥ

191 590 228 630 p.
253 574 335 615 672
359 577 424 615 31.

276 658 314 698 p.
340 646 392 684 50
416 644 438 684 l.
465 647 488 685 5
512 655 596 684 SED
631 656 685 685 ΕΤ
718 651 796 686 cet.
827 645 881 685 ad
910 652 997 687 nat.
1028 657 1043 686 I
1070 648 1124 687 10
1152 662 1190 702 p.
1217 646 1268 688 79
1299 647 1322 688 l.
1350 649 1401 687 22
1434 647 1557 688 Wiss.
1590 648 1660 688 sed
1692 653 1728 688 et

190 713 395 767 Dioyenes
425 714 559 755 nescio
592 714 695 769 quid
725 714 772 755 in
802 713 1032 756 Herculem
1064 715 1175 756 lusit.

277 797 314 837 p.
339 785 392 824 50
416 783 438 822 1.
463 785 487 824 6
520 794 780 824 TRECENTOS
812 794 946 824 IOVES
975 783 1029 824 ad
1057 790 1144 825 nat.
1167 795 1182 824 1
1208 786 1261 825 10
1282 799 1320 840 p.
1346 783 1397 825 79
1421 785 1444 826 1.
1469 787 1521 825 23
1546 784 1668 826 Wiss.
1693 791 1729 826 et

129 868 171 890 10
190 852 378 893 Romani
413 852 504 893 stili
540 852 747 906 Dioyenes
790 852 928 894 Varro
973 858 1171 894 trecentos
1206 853 1341 901 Iones,
1379 868 1451 895 sea
1484 854 1728 908 Iuppiteres

190 921 412 963 dicendum
443 927 510 970 est,
542 922 630 963 sine
660 921 869 976 capitibus
900 922 1072 963 inducit.
1147 922 1369 977 Theophss.
1393 934 1408 962 I
1433 925 1485 963 10
1508 921 1729 974 πεύσομαι

193 989 236 1031 δέ
266 1008 347 1031 σου
376 989 507 1042 κάγώ,
532 988 563 1030 ὦ
587 989 804 1044 ἄνθρωπε,
827 988 960 1031 πόσοι
987 991 1118 1043 Ζῆνες
1149 989 1457 1046 εὑρίσκονται;
1490 991 1649 1033 Missuc.
1674 994 1726 1032 22

190 1058 208 1115 ξ
231 1062 266 1101 6.
328 1059 486 1100 Arnob.
510 1070 558 1099 IV
583 1058 633 1100 17
653 1060 677 1100 f.
700 1074 801 1100 nam
823 1074 906 1101 esse
926 1059 1151 1114 Apollines
1172 1066 1372 1115 quattuor
1394 1066 1468 1102 ant
1496 1061 1575 1102 tris
1604 1061 1728 1102 Ioues

190 1144 422 1184 numquam
444 1128 559 1170 nobis
573 1128 751 1184 facietis
766 1128 911 1182 fidem,
934 1121 1005 1169 nec
1030 1128 1068 1169 si
1094 1134 1233 1170 testem
1260 1129 1401 1183 ipsum
1429 1129 1562 1170 citetis
1582 1129 1728 1170 Iouem

130 1213 170 1243 15
191 1204 265 1239 aut
285 1198 492 1253 Pythium
513 1197 774 1239 constituatis
797 1203 1017 1239 ctztctorem.
1071 1196 1170 1238 Sen.
1193 1198 1278 1239 lud.
1303 1200 1327 1238 8
1349 1196 1368 1254 ξ
1391 1201 1425 1239 1.
1476 1197 1729 1253 Marquardb

192 1273 261 1308 1112
283 1270 336 1309 63
359 1283 398 1309 n.
421 1269 458 1308 4.

847 1416 952 1459 ΟΑΡ.
985 1418 1068 1458 XV

279 1556 317 1597 p.
346 1543 399 1582 50
431 1541 455 1581 l.
480 1542 504 1581 8
537 1550 733 1580 INGENIA
764 1538 817 1579 ad
848 1544 935 1580 nat.
969 1550 984 1579 Ι
1015 1540 1069 1580 10
1097 1554 1136 1594 p.
1166 1538 1218 1580 79
1246 1539 1269 1580 l.
1301 1541 1353 1580 25
1386 1540 1508 1581 Wiss.
1540 1546 1726 1582 cetera...

191 1611 319 1652 etiam
361 1610 597 1664 uoluptates
638 1614 801 1650 uestras
844 1622 925 1662 per
971 1607 1146 1649 dedecus
1191 1608 1365 1649 deorum
1411 1609 1728 1650 administrant.

192 1681 383 1736 dispicite
414 1679 531 1735 apud
561 1693 635 1720 uos
665 1678 938 1719 Lentulorum
968 1683 1005 1719 et
1034 1677 1286 1719 Hostiorum
1316 1679 1547 1733 sacrileyas
1583 1693 1729 1720 uenus-

129 1773 173 1795 20
191 1755 306 1798 tates,
329 1755 472 1790 utrum
493 1748 643 1788 mimos
671 1762 727 1787 an
755 1747 850 1788 deos
876 1752 1034 1787 uestros
1061 1747 1106 1787 in
1133 1746 1316 1801 strophis
1345 1753 1381 1788 et
1402 1747 1504 1788 iocis
1524 1747 1703 1788 rideatis
1717 1764 1731 1798 ‚·

191 1818 262 1860 sed
284 1824 320 1860 et
341 1817 611 1859 histrionicas
639 1817 801 1857 litteras
828 1830 985 1869 mayna
1013 1830 1107 1857 cum
1135 1815 1352 1870 uoluptate
1378 1817 1602 1871 suscipitis,
1625 1831 1730 1871 qnae

194 1902 353 1929 omnem
364 1886 616 1942 foeditatem
638 1885 858 1939 desiynant
879 1884 1060 1925 deorum.
1114 1883 1229 1926 Cult.
1248 1884 1364 1925 Fem.
1383 1896 1398 1924 Ι
1422 1886 1446 1924 2
1464 1900 1518 1926 m.
1535 1891 1730 1927 utrumne

193 1957 389 1998 mulieres
409 1956 498 1996 sine
519 1954 712 1995 materiis
732 1953 968 2008 splendoris
997 1959 1034 1994 et
1058 1953 1146 1993 sine
1175 1953 1356 2006 inqeniis
1377 1953 1536 1995 decoris
1562 1954 1730 2009 placere

192 2040 274 2066 non
289 2030 457 2080 possent
478 2023 742 2064 hominibus?
802 2022 899 2077 pall.
926 2024 959 2062 1.
1020 2020 1125 2062 Plin.
1149 2021 1244 2061 Tac.
1267 2021 1425 2062 Arnob.
1450 2033 1498 2061 IV
1522 2023 1545 2061 2
1568 2022 1728 2076 ιἠρεηί-

130 2114 173 2145 25
195 2109 315 2135 orum
341 2093 538 2134 lasciuire
568 2092 678 2132 luxit
742 2102 791 2131 VI
822 2093 873 2130 12
904 2096 947 2131 nt
978 2091 1024 2131 in
1055 2090 1228 2131 deorum
1258 2090 1500 2144 corporibus
1528 2091 1731 2132 lasciuiae

195 2163 408 2218 artificum
443 2162 642 2203 luderent.
707 2159 927 2215 Teaching
963 2160 1010 2200 of
1036 2159 1200 2200 Homer
1232 2159 1317 2199 and
1354 2158 1528 2208 Hesiod,
1566 2159 1730 2200 Lucian

194 2232 426 2287 Menippus
457 2233 494 2272 3.

284 2316 321 2356 p.
346 2303 400 2341 50
422 2300 445 2340 l.
470 2301 494 2340 9
518 2309 709 2339 DEORVM
732 2297 835 2353 gods
857 2312 910 2337 on
933 2297 1007 2337 the
1030 2303 1163 2352 stage,
1185 2297 1343 2339 Arnob.
1366 2309 1415 2337 IV
1437 2299 1490 2339 35
1514 2312 1598 2352 seq.

282 2379 591 2409 LENTVLORVM
625 2378 680 2407 ET
712 2377 1024 2407 HOSTILIORVM
1056 2366 1474 2407 Teuffel-Schwabess
1493 2365 1512 2422 ξ,
1533 2368 1617 2408 363
1640 2369 1677 2407 5.

133 2459 177 2490 30
282 2453 320 2493 p.
359 2440 413 2478 50
447 2437 469 2478 1.
510 2438 563 2476 10
596 2446 883 2476 VENVSTATES
921 2434 1007 2476 Cic.
1045 2435 1227 2486 Quintil.
1265 2434 1425 2490 Symm.
1465 2435 1540 2490 Ep.
1585 2447 1638 2475 111
1677 2437 1729 2477 39

199 2507 444 2548 memoriam
464 2505 675 2546 malorum
703 2505 784 2546 ioci
813 2509 1029 2545 uenustate
1048 2504 1325 2559 fianyamns.
1387 2504 1570 2545 Macrob.
1593 2510 1670 2545 sat.
1695 2516 1730 2545 11

200 2578 220 2615 1
254 2574 350 2631 §10
380 2582 418 2616 et
447 2575 536 2615 iam
566 2575 755 2628 primum
786 2574 1079 2615 animaduerto
1111 2574 1215 2614 dnos
1246 2588 1347 2628 qnos
1376 2574 1731 2628 eloquentissimos

199 2646 375 2699 antiqua
402 2650 518 2685 aetas
546 2644 654 2691 tulit,
676 2643 878 2685 comicum
907 2642 1113 2683 Plautum
1142 2649 1179 2684 et
1208 2649 1416 2684 oratorem
1443 2643 1644 2692 Tullium,
1666 2659 1731 2685 eos

199 2714 339 2755 ambos
370 2714 496 2755 etiam
528 2713 584 2754 ad
614 2713 801 2754 iocorum
831 2717 1090 2753 venustatem
1121 2712 1264 2753 ceteris
1294 2712 1569 2766 praestitisse.
1631 2713 1730 2754 Son.

135 2798 178 2829 35
200 2782 343 2825 Contr.
372 2794 407 2823 II
437 2781 456 2838 ξ
479 2785 530 2823 22
563 2783 681 2824 lzomo
712 2782 1041 2830 uenustissimus,
1063 2781 1139 2836 qui
1168 2782 1331 2823 nullius
1360 2797 1561 2837 umquam
1591 2782 1729 2837 impu-
