1827 3004
143 139 194 177 52
709 133 1107 175 TERTVLLIANI

140 249 304 289 ludicra
335 249 420 290 ista
451 249 550 289 sint.
611 248 811 288 Ceterum
843 247 877 287 si
909 247 1107 296 adiciam,
1142 261 1253 301 quae
1284 261 1371 287 non
1403 246 1545 287 minus
1577 259 1675 286 con-

141 322 344 363 scientiae
375 322 568 362 omnium
600 325 917 375 recognoscent,
951 320 996 360 in
1027 320 1200 374 templis
1231 319 1443 360 adulteria
1475 319 1673 373 conponi,

141 395 253 435 inter
279 409 374 434 aras
399 394 608 434 lenocinia
635 393 826 442 tractari,
854 393 898 433 in
923 393 1027 447 ipsis
1054 393 1306 447 plerumque
1332 393 1605 433 aedituorum
1632 396 1676 432 et

141 468 414 508 sacerdotum
434 467 723 507 tabernaculis
742 466 821 506 sub
840 466 977 507 isdem
996 466 1120 507 uittis
1139 472 1183 507 et
1200 466 1395 520 apicibus
1412 471 1457 506 et
1474 465 1674 520 purpuris

142 541 267 581 thure
293 540 502 594 flagrante
525 540 748 580 libidinem
774 540 974 594 expungi,
1001 540 1156 589 nescio,
1183 554 1237 580 ne
1261 540 1358 594 plus
1382 540 1435 580 de
1459 539 1582 580 uobis
1607 539 1675 580 dei
1695 546 1717 576 5

141 615 273 654 uestri
294 628 425 668 quam
444 614 497 654 de
516 613 768 654 Christianis
787 618 1037 668 querantur.
1098 614 1222 654 Certe
1240 614 1431 668 sacrilegi
1450 613 1503 654 de
1521 610 1676 654 uestris

141 707 308 746 semper
335 691 732 746 adprehenduntur.
793 691 1024 732 Christiani
1053 691 1165 731 enim
1194 691 1356 745 templa
1384 705 1462 732 nec
1488 690 1677 732 interdiu

142 776 324 818 norunt;
369 769 603 823 spoliarent
630 768 813 809 forsitan
840 782 890 808 ea
918 773 962 809 et
987 768 1081 822 ipsi,
1112 768 1146 809 si
1176 773 1219 809 et
1244 768 1326 823 ipsi
1355 782 1403 808 ea
1431 768 1674 809 adorarent.

144 846 255 895 Quid
283 860 380 900 ergo
408 846 556 886 colunt
582 846 655 900 qui
683 846 787 886 talia
814 859 901 886 non
928 845 1102 886 colunt?
1165 845 1261 885 Iam
1288 845 1463 899 quidem
1488 844 1675 898 intellegi

143 923 337 964 subiacet
355 923 552 964 ueritatis
573 937 662 963 esse
683 923 867 963 cultores
888 922 961 976 qui
981 921 1194 962 mendacii
1212 936 1300 962 non
1320 922 1419 971 sint,
1441 935 1519 962 nec
1539 935 1677 961 errare
1702 935 1744 958 10

143 1001 327 1055 amplius
362 1002 405 1041 in
443 1015 490 1041 eo
526 1001 570 1041 in
608 1015 693 1054 quo
730 1013 891 1040 errasse
926 1013 971 1055 se
1006 998 1348 1054 recognoscendo
1386 1004 1675 1039 cessauerunt.

142 1079 237 1119 Hoc
272 1080 389 1133 prius
424 1080 565 1133 capite
601 1084 644 1120 et
678 1092 850 1119 omnem
886 1077 985 1117 hinc
1019 1076 1279 1117 sacramenti
1312 1076 1448 1117 nostri
1483 1076 1676 1116 ordinem

143 1156 323 1205 haurite,
355 1156 611 1210 repercussis
641 1160 744 1196 ante
773 1160 921 1196 tamen
951 1154 1226 1208 opinionibus
1254 1154 1384 1194 falsis.

227 1321 298 1362 16.
357 1321 471 1361 Nam
503 1327 558 1370 et,
592 1326 643 1361 ut
674 1319 865 1374 quidam,
899 1319 1146 1360 somniastis
1178 1324 1311 1372 caput
1341 1318 1556 1371 asininum
1589 1332 1677 1358 esse

143 1397 271 1437 deum
295 1404 505 1439 nostrum.
565 1398 692 1438 Hanc
716 1397 936 1438 Cornelius
960 1397 1134 1437 Tacitus
1158 1396 1445 1450 suspicionem
1469 1395 1677 1436 eiusmodi
1700 1411 1744 1442 15

143 1474 208 1514 (lei
243 1475 434 1516 inseruit.
495 1476 538 1516 Is
575 1475 688 1515 enim
723 1475 767 1515 in
805 1475 957 1529 quinta
994 1474 1270 1515 historiarum
1306 1488 1482 1514 suarum
1519 1473 1677 1513 bellum

144 1551 370 1591 Iudaicum
399 1566 574 1592 exorsus
601 1551 655 1592 ab
684 1551 845 1605 origine
871 1551 1011 1606 gentis
1039 1551 1170 1591 etiam
1198 1550 1250 1590 de
1276 1550 1370 1604 ipsa
1398 1554 1491 1590 tam
1518 1549 1678 1603 origine

145 1643 275 1682 quam
303 1629 356 1669 de
382 1630 554 1670 nomine
583 1635 625 1670 et
652 1629 853 1683 religione
879 1629 1019 1683 gentis
1045 1642 1156 1682 quae
1182 1627 1323 1668 uoluit
1349 1631 1678 1681 argumentatus

145 1705 328 1745 Iudaeos
364 1705 495 1746 refert
531 1706 731 1760 Aegypto
770 1706 994 1760 expeditos
1031 1705 1134 1754 siue,
1173 1710 1224 1745 ut
1260 1703 1448 1758 putauit,
1489 1708 1678 1744 extorres

146 1783 279 1822 uastis
305 1783 489 1823 Arabiae
514 1783 558 1823 in
582 1783 685 1823 locis
711 1797 923 1837 aquarum
949 1782 1244 1837 egentissimis,
1273 1796 1370 1822 cum
1395 1781 1466 1822 siti
1490 1795 1676 1821 macera-
1699 1797 1747 1818 20

144 1864 304 1908 rentur,
323 1860 504 1914 onagris,
524 1860 597 1914 qui
614 1860 724 1900 forte
741 1860 793 1900 de
808 1865 939 1914 pastu
954 1865 1107 1914 potum
1124 1858 1303 1913 petituri
1318 1857 1675 1906 aestimabantur,

143 1936 356 1977 indicibus
383 1937 515 1978 fontis
542 1952 641 1977 usos
669 1937 722 1978 ob
752 1951 846 1977 eam
874 1937 1058 1991 gratiam
1087 1936 1317 1976 consimilis
1343 1935 1507 1976 bestiae
1534 1949 1677 1989 super-

144 2014 282 2054 ficiem
316 2028 594 2055 consecrasse.
655 2014 800 2068 Atque
830 2015 893 2055 ita
925 2014 1026 2054 inde
1057 2018 1386 2068 praesumptum
1419 2013 1570 2067 opinor
1601 2027 1678 2053 nos

145 2106 315 2145 quoque
359 2098 410 2133 ut
454 2093 657 2133 Iudaicae
701 2091 914 2146 religionis
958 2091 1223 2145 propinquos
1269 2090 1406 2130 eidem
1450 2090 1677 2131 simulacro

144 2169 316 2210 initiari.
377 2170 435 2210 At
453 2171 565 2210 enim
580 2170 695 2210 idem
713 2169 931 2210 Cornelius
947 2169 1134 2217 Tacitus,
1153 2183 1255 2209 sane
1270 2169 1339 2209 ille
1354 2168 1677 2209 mendaciorum
1698 2186 1717 2208 2
1722 2186 1744 2217 5

145 2245 483 2299 loquacissimUS,
507 2247 551 2287 in
574 2247 723 2287 eadem
746 2246 923 2287 historia
944 2245 1076 2286 refert
1097 2244 1265 2285 Gneum
1287 2245 1554 2299 Pompeium,
1580 2259 1677 2285 cum

146 2323 415 2364 Hierusalem
441 2325 622 2378 cepisset
646 2330 961 2378 proptereaque
985 2323 1197 2377 templum
1223 2323 1384 2363 adisset
1407 2322 1678 2377 speculandis

146 2401 347 2441 Iudaicae
379 2403 592 2456 religionis
624 2403 802 2451 arcanis,
836 2402 1003 2442 nullum
1035 2401 1120 2442 illic
1150 2401 1355 2454 reperisse
1386 2400 1675 2441 simulacrum.

146 2478 205 2518 Et
227 2479 390 2532 utique,
417 2480 451 2520 si
474 2480 518 2520 id
543 2480 764 2521 colebatur
789 2480 905 2533 quod
929 2479 1074 2533 aliqua
1099 2478 1233 2533 effigie
1256 2477 1674 2532 repraesentabatur,

146 2568 360 2608 nusquam
392 2557 528 2610 magis
561 2571 693 2610 quam
724 2557 766 2598 in
800 2555 984 2596 sacrario
1016 2569 1093 2595 suo
1126 2554 1411 2603 exhiberetur,
1447 2567 1494 2594 eo
1527 2555 1674 2608 magis,
1698 2571 1746 2602 30

147 2632 247 2685 quia
266 2647 343 2673 nec
360 2633 592 2674 uerebatur
611 2639 838 2674 extraneos
856 2633 1053 2682 arbitros,
1075 2646 1342 2686 quamquam
1360 2646 1474 2671 uana
1494 2632 1674 2673 cultura.

148 2708 254 2748 Solis
306 2709 418 2749 enim
469 2710 764 2751 sacerdotibus
815 2710 932 2750 adire
982 2709 1172 2758 licitum3
1240 2708 1372 2749 etiam
1423 2713 1678 2762 conspectus

148 2789 385 2825 ceterorum
440 2785 535 2826 uelo
590 2800 783 2840 oppanso
836 2785 1189 2826 interdicebatur.
1248 2784 1336 2825 Vos
1389 2789 1537 2824 tamen
1591 2798 1679 2825 non
