1827 3004
37 171 76 212 p.
102 156 203 198 801.
229 157 272 209 3]
538 156 974 199 APOLOGETICVS
1007 159 1058 199 23
1488 159 1566 199 321

41 273 94 311 55
117 285 155 311 n.
181 273 215 311 1.
231 272 412 312 58—59.
437 269 501 310 77.
519 272 574 311 83
592 285 630 311 n.
656 273 676 310 1
701 270 784 311 and
802 273 836 311 2.
861 273 926 312 88.
946 273 1010 312 89.
1030 272 1084 312 90
1102 271 1169 323 (cf.
1188 271 1313 312 Matt.
1331 273 1358 311 4
1381 274 1405 312 5
1427 271 1512 312 and
1535 273 1572 313 6.

42 339 162 380 Luke
180 342 206 380 4
230 342 254 381 9
277 340 361 380 and
385 340 458 392 10)
480 341 544 381 91.
569 341 632 381 92.
654 340 844 381 142.157
862 341 885 381 f.
911 342 1004 381 158.
1025 342 1290 382 160—1—-2
1327 340 1573 381 Theodotus

42 409 85 449 in
108 409 248 450 Rufin.
273 409 387 450 Hist.
407 409 516 450 Eccl.
539 420 569 449 V
589 411 640 450 16
659 424 696 464 p.
716 411 810 450 285.
870 409 987 463 [Add
1009 409 1176 450 Ambst.
1200 409 1245 450 in
1267 409 1386 450 Rom.
1405 412 1442 458 8,
1462 412 1574 451 38-

41 480 76 519 9.
120 479 170 519 A.
186 479 248 532 S.]

128 562 165 602 p.
195 550 247 588 78
277 548 300 588 1.
325 549 377 589 29
407 559 635 589 LACERTOS
663 549 711 589 cf.
735 563 766 589 c.
791 550 814 590 9
845 563 883 604 p.
908 550 961 589 32
991 549 1014 589 l.
1040 550 1103 589 18.
1156 547 1273 589 Lact.
1300 547 1398 589 Diu.
1425 548 1531 589 Inst.
1559 559 1574 588 1
1597 559 1616 591 5

43 618 94 657 21
118 614 137 671 ξ
160 616 223 657 17.
274 616 371 658 Sen.
394 617 438 657 in
461 617 571 673 Aug.
596 617 660 658 De
684 616 776 658 Ciu.
801 617 882 658 Dei
905 629 953 657 VI
979 619 1042 658 10.

127 699 164 740 p.
197 687 252 726 80
285 685 308 726 l.
341 687 366 726 3
398 700 539 740 power
569 686 616 726 of
644 686 860 727 exorcism.
922 686 1047 727 Mam).
1084 685 1106 726 7
1142 688 1206 726 22.
1268 685 1390 727 Luke
1424 688 1477 727 10
1511 686 1574 727 17.

42 754 147 794 Acts
174 755 198 793 3
232 755 267 794 6.
330 753 503 809 Dionys.
534 754 762 795 Alexandr.
792 754 836 795 in
869 755 1022 796 Euseb.
1054 754 1168 796 Hist.
1202 754 1310 795 Eeel.
1334 766 1401 795 V11
1431 757 1478 796 10
1510 753 1576 811 §4

41 822 108 874 (ef.
147 821 391 863 Heiniehen
431 823 484 863 ad
527 823 550 864 l.
593 839 630 878 p.
669 825 783 876 334).
846 823 1061 878 Bingham
1104 834 1158 863 ΙΙΙ
1200 825 1238 864 4.
1291 835 1375 864 XVI
1413 826 1448 865 6.
1491 826 1516 865 3
1551 824 1575 865 f.

43 891 284 932 Theodorei]
314 891 458 932 Graec.
489 892 571 933 Aff.
596 892 694 934 Cur.
726 904 779 933 ΙΙΙ
807 891 826 948 ξ
856 894 936 933 105
966 907 1004 947 p.
1035 894 1088 933 55
1121 894 1184 934 26.
1250 892 1457 934 Athanas.
1489 892 1575 934 Vit.
1599 909 1641 932 10

44 961 145 1001 Ant.
164 960 322 1015 passim
337 975 411 1016 eg.
429 961 481 1002 78
500 962 523 1002 f.
540 964 604 1003 80.
650 962 772 1017 Kaye
791 961 971 1002 89—97.
987 963 1070 1003 389
1088 976 1171 1016 seq.
1188 963 1282 1002 399.
1297 963 1391 1002 433.
1410 961 1503 1002 infr.
1522 964 1575 1003 25

45 1043 103 1083 pr.
126 1043 164 1069 n.
190 1029 253 1069 27.
277 1031 342 1070 32.
367 1030 419 1070 37
451 1044 489 1085 p.
516 1032 596 1071 108
627 1031 649 1071 l.
675 1033 726 1072 29
745 1046 782 1071 n.
845 1030 913 1070 Ad
947 1030 1068 1085 Scap.
1102 1032 1137 1070 2.
1201 1030 1265 1070 De
1298 1029 1489 1085 Spectae.
1523 1032 1576 1072 26

46 1113 82 1153 p.
114 1100 166 1139 25
200 1099 222 1139 l.
255 1101 307 1139 23
336 1099 459 1140 Wiss.
492 1101 544 1141 29
577 1115 614 1155 p.
646 1099 697 1140 27
731 1100 754 1141 l.
787 1101 839 1140 22
867 1099 987 1140 Wiss.
1020 1114 1125 1153 quoe
1154 1099 1294 1140 ‘maior
1327 1099 1574 1154 uoluptas...

45 1182 172 1221 quam
205 1169 352 1209 mortis
383 1169 510 1210 timor
540 1169 711 1210 nullus?
748 1169 857 1223 quod
889 1169 1030 1210 calcas
1060 1168 1156 1210 deos
1186 1169 1437 1210 nationum?
1471 1168 1579 1223 quod

45 1236 267 1278 doemonia
295 1238 468 1292 eoepellis
483 1238 635 1279 &diae
666 1238 915 1292 uoluptates,
947 1238 1046 1280 haec
1073 1238 1311 1292 spectacula
1345 1238 1578 1279 Christian.-
1601 1251 1642 1283 15

45 1319 165 1346 orum
198 1312 355 1356 semota,
385 1312 602 1361 perpetuo,
636 1307 842 1361 qratuim.
905 1306 1061 1347 Minue.
1101 1306 1152 1346 27
1191 1305 1209 1362 ἓ
1245 1309 1269 1348 6
1303 1307 1402 1348 lacteo
1439 1307 1581 1348 omnia

44 1373 180 1414 sciunt
203 1373 410 1428 pleraque
432 1389 541 1428 pars
564 1380 748 1416 uestrum
770 1375 882 1429 ipsos
910 1375 1137 1415 daemonas
1162 1374 1211 1416 de
1236 1375 1467 1429 semetipsis
1489 1390 1580 1416 oon-

35 1442 169 1496 flteri.
190 1443 346 1496 quoties
367 1458 393 1483 (ι
416 1443 531 1484 uobis
553 1449 589 1483 et
611 1444 827 1484 tormentis
850 1443 1071 1485 uerborum
1092 1449 1129 1485 et
1150 1445 1354 1485 orationis
1375 1444 1582 1486 incendiis

46 1510 95 1551 cle
125 1511 369 1565 corporibus
399 1512 632 1567 eoeiyuntur.
695 1512 820 1568 Cypr.
846 1513 920 1568 Ep.
946 1513 998 1553 75
1024 1515 1077 1554 10
1095 1528 1152 1567 sq.
1214 1513 1284 1554 Ad
1316 1513 1580 1555 Demetrian.

48 1581 99 1619 15
131 1594 151 1620 o
179 1579 218 1620 si
245 1579 397 1621 audire
428 1595 495 1622 eos
524 1581 632 1622 uelis
660 1588 697 1623 et
725 1582 881 1630 uidere,
911 1582 1077 1636 quando
1107 1582 1369 1623 udiurantur
1400 1597 1427 1623 α
1454 1583 1582 1632 uobis,
1601 1599 1644 1621 20

45 1655 299 1703 torquentur,
321 1650 589 1704 spiritulibus
607 1652 768 1706 fluyris
789 1657 827 1693 et
860 1652 1079 1693 uerborum
1100 1652 1317 1693 tormentis
1338 1652 1388 1693 de
1413 1651 1583 1693 obsessis

45 1719 286 1773 corporibus
308 1720 527 1770 eiciuntur,
550 1721 718 1776 quando
740 1721 971 1762 heiulantes
993 1727 1029 1762 et
1052 1727 1256 1776 {sementes
1276 1736 1374 1763 uoce
1393 1721 1583 1762 humana

47 1794 83 1829 et
93 1794 295 1842 potestate
311 1789 357 1830 di
363 1789 464 1830 uinu
471 1790 623 1844 flciyell
627 1805 653 1831 u
668 1797 704 1831 et
718 1790 892 1832 uerbera
905 1791 1122 1832 sentientes
1137 1795 1360 1831 uenturum
1373 1790 1582 1832 iudicium

47 1858 302 1912 confitentur.
364 1859 462 1900 uem·
482 1865 518 1901 et
540 1875 727 1914 ooyuosce
749 1875 853 1901 uera
873 1875 958 1901 esse
980 1875 1084 1914 quae
1105 1860 1311 1901 dicimus:
1343 1866 1380 1901 et
1401 1860 1503 1914 quia
1523 1860 1583 1902 sic

47 1928 142 1969 cleos
163 1929 291 1969 colere
319 1935 355 1970 te
383 1929 502 1977 (licis,
525 1930 590 1971 uel
612 1930 718 1985 ipsis
743 1930 862 1972 erede
888 1945 986 1984 quos
1009 1930 1118 1971 colis.
1176 1935 1250 1970 aut
1271 1930 1309 1970 si
1333 1929 1518 1972 uolueris
1546 1935 1583 1971 et
1601 1945 1645 1977 25

49 1996 125 2037 tibi
150 1997 326 2046 credere,
348 1998 397 2039 cle
419 2004 455 2039 te
475 1999 566 2053 ipso
588 1999 780 2054 loquetur
801 1999 995 2040 (audiente
1017 2005 1054 2041 te
1075 2000 1147 2054 qui
1168 2014 1275 2040 minc
1297 2005 1414 2040 ticum
1437 2005 1583 2054 pectus

51 2065 214 2114 obsedit,
231 2066 303 2121 qui
319 2082 426 2108 nuuc
443 2074 618 2109 mentem
634 2074 753 2109 tuam
769 2068 1037 2122 iynoruntiae
1053 2073 1165 2109 nocte
1182 2068 1377 2109 oaecciuit.
1424 2067 1583 2109 uidebis

52 2150 122 2175 >zos
152 2135 299 2188 royori
327 2135 377 2176 (ab
406 2136 464 2177 eis
496 2151 595 2191 quos
624 2143 667 2178 tu
699 2152 836 2191 rossus,
866 2137 1008 2178 timeri
1037 2136 1086 2177 uh
1115 2137 1174 2178 eis
1204 2151 1303 2191 quos
1331 2142 1375 2177 tu
1401 2136 1581 2177 adoras.-

53 2203 210 2245 uidebis
231 2205 304 2245 sub
325 2220 454 2246 manu
475 2212 619 2248 'nostra
640 2213 752 2248 stare
776 2207 934 2248 uinctos
956 2213 993 2248 et
1015 2213 1189 2248 tremere
1210 2207 1399 2260 captiuos
1421 2220 1520 2260 quos
1537 2211 1582 2247 tu

50 2272 226 2325 suspicis
247 2277 284 2312 et
315 2274 529 2314 ueneruris
549 2280 595 2315 ut
623 2274 822 2315 dominos.
875 2280 979 2316 certe
1008 2275 1073 2315 uel
1100 2275 1159 2315 sic
1187 2273 1389 2328 corffundi
1417 2274 1457 2313 iu
1489 2274 1582 2315 istis
1600 2291 1644 2322 30

50 2340 261 2382 erroribus
288 2342 372 2382 tuis
396 2343 568 2396 poteris,
599 2343 765 2397 quando
797 2343 1055 2398 conspexeris
1086 2349 1123 2385 et
1150 2343 1340 2384 audieris
1369 2343 1464 2384 deos
1492 2349 1582 2384 tuos

5 2451 9 2454 .
49 2410 151 2464 quid
186 2411 270 2451 sint
300 2411 623 2465 interro-qutioue
661 2418 803 2453 nostru
833 2414 978 2453 statim
1009 2412 1189 2466 prodere
1224 2418 1261 2453 et
1290 2411 1582 2466 praesentibus

51 2479 142 2519 licet
176 2478 289 2519 uobis
318 2481 579 2534 praestigios
612 2480 714 2521 illus
746 2486 784 2522 et
807 2479 1018 2535 fallacius
1047 2496 1147 2521 suas
1177 2496 1257 2521 uon
1282 2496 1404 2536 posse
1436 2481 1579 2522 celare.

53 2547 177 2599 Quod
214 2548 325 2588 idola
359 2548 402 2589 di
436 2564 520 2589 non
557 2549 643 2590 sint
682 2550 703 2590 7
737 2552 810 2603 (25
846 2552 901 2602 3).
962 2550 1076 2590 Zeno
1112 2550 1177 2590 De
1213 2550 1359 2590 Resur.
1391 2549 1437 2590 in
1471 2549 1579 2591 Bibl.

52 2616 162 2656 Max.
202 2617 311 2657 Patr.
346 2628 397 2657 ΙΙΙ
435 2615 556 2657 412bc
591 2619 645 2670 (=
663 2618 724 2659 ed.
765 2618 982 2667 Ballerini,
1020 2619 1198 2667 Verona,
1235 2618 1357 2667 1739,
1392 2634 1431 2674 p.
1468 2620 1580 2672 122),
1600 2631 1643 2663 35

52 2700 75 2724 a
108 2700 208 2740 very
239 2685 415 2741 graphio
445 2686 705 2742 description
737 2688 783 2727 of
813 2687 1017 2728 exoreism
1046 2713 1112 2736 ——‚
1146 2687 1214 2728 ubi
1248 2693 1415 2728 uentum
1439 2688 1582 2743 fuerit

53 2753 109 2794 ud
142 2754 283 2794 diuini
318 2756 560 2796 certaminis
595 2771 791 2811 cutnpum
828 2757 1109 2811 coeperintque
1139 2757 1254 2798 sacri
1288 2757 1470 2798 vnominis
1503 2757 1580 2798 telo

46 2822 372 2876 pulsuri...cum
401 2824 552 2866 diuino.
579 2825 847 2867 adiuratione
876 2827 921 2866 in
952 2826 1086 2868 eculeo
1114 2825 1306 2880 spirituli
1333 2831 1370 2867 et
1398 2826 1469 2880 qui
1498 2826 1581 2867 sint

160 2920 202 2945 M.
223 2921 256 2946 T.
1423 2912 1468 2948 21
