1827 3004
150 89 227 128 138
716 87 1114 128 TERTVLLIANI

148 207 191 242 et
221 208 325 242 tunc
355 202 522 256 require
553 216 638 256 qua
668 202 756 242 fies.
818 202 877 242 Et
906 206 1054 241 tamen
1085 200 1252 241 facilius
1282 200 1434 254 utique
1463 200 1538 240 fies
1569 199 1687 253 quod

147 280 267 321 fuisti
297 281 543 334 aliquando,
577 281 677 334 quia
707 294 844 334 aeque
871 294 959 320 non
987 279 1158 320 difficile
1186 279 1329 319 factus
1359 293 1402 319 es
1431 279 1548 333 quod
1576 292 1683 319 nun-

147 374 279 413 quam
302 360 421 400 fuisti
445 360 692 414 aliquando.
752 359 1052 407 Dubitabitur,
1078 359 1217 407 credo,
1243 359 1296 399 de
1318 359 1386 399 dei
1409 358 1584 402 uiribus,
1610 358 1684 412 qui

146 445 319 480 tantum
352 455 506 495 corpus
536 441 616 481 hoc
646 441 797 481 mundi
828 440 881 480 de
911 454 959 479 eo
991 440 1108 494 quod
1137 454 1224 480 non
1254 439 1397 479 fuerat
1426 453 1513 479 non
1542 438 1685 478 minus

147 534 278 573 quam
316 520 368 560 de
404 525 544 561 morte
579 520 820 560 uacationis
858 525 901 560 et
935 519 1162 560 inanitatis
1197 519 1402 574 inposuit,
1442 520 1685 560 animatum
1706 537 1729 567 5

145 600 300 653 spiritu
348 600 542 640 omnium
590 600 833 640 animarum
882 599 1134 649 animatore,
1185 600 1403 654 signatum
1453 604 1496 640 et
1541 598 1685 654 ipsum

146 679 361 720 humanae
385 681 706 720 resurrectionis
731 680 978 734 exemplum
1000 680 1045 720 in
1069 680 1368 720 testimonium
1392 679 1529 720 uobis.
1590 678 1685 719 Lux

146 759 303 798 cotidie
334 759 562 800 interfecta
593 760 839 814 resplendet
869 765 913 800 et
943 760 1147 800 tenebrae
1182 760 1272 813 pari
1310 759 1403 800 uice
1438 759 1685 799 decedendo

145 839 396 889 succedunt,
434 840 573 881 sidera
610 841 818 881 defuncta
853 840 1094 889 uiuescunt,
1132 845 1330 894 tempora
1366 840 1440 880 ubi
1475 839 1686 880 finiuntur

145 918 370 972 incipiunt,
400 920 565 960 fructus
593 925 952 960 consummantur
978 925 1021 960 et
1046 920 1241 968 redeunt,
1270 925 1384 960 certe
1410 919 1573 959 semina
1599 933 1686 959 non

144 998 224 1038 nisi
257 1006 459 1053 corrupta
491 1006 535 1041 et
565 1000 775 1041 dissoluta
806 1000 1032 1041 fecundius
1063 1005 1257 1054 surgunt,
1291 1000 1436 1040 onmia
1466 999 1686 1053 pereundo

145 1086 386 1129 seruantur,
418 1082 562 1121 onmia
591 1082 644 1121 de
672 1082 852 1122 interitu
879 1081 1182 1121 reformantur.
1244 1080 1309 1120 Tu
1337 1080 1479 1128 homo,
1510 1084 1686 1120 tantum

145 1173 316 1208 nomen,
346 1161 380 1200 si
407 1161 631 1215 intellegas
658 1167 703 1201 te
730 1161 797 1201 uel
825 1161 879 1201 de
906 1160 1034 1201 titulo
1063 1160 1248 1213 Pythiae
1276 1160 1455 1209 discens,
1485 1160 1687 1200 dominus

146 1240 340 1279 omnium
384 1241 661 1281 morientium
706 1247 749 1281 et
791 1241 1119 1295 resurgentium,
1165 1240 1221 1280 ad
1264 1240 1345 1280 hoc
1387 1240 1592 1288 morieris,
1637 1245 1688 1280 ut

145 1317 320 1369 pereas?
383 1316 658 1371 Ubicumque
690 1317 903 1358 resolutus
936 1317 1078 1366 fueris,
1113 1330 1398 1371 quaecunque
1430 1322 1473 1357 te
1505 1317 1687 1357 materia

146 1393 421 1443 destruxerit,
452 1395 655 1444 hauserit,
687 1395 936 1443 aboleuerit,
966 1396 1011 1435 in
1038 1395 1221 1435 nihilum
1248 1395 1505 1449 prodegerit,
1535 1395 1688 1435 reddet

146 1479 202 1514 te.
264 1474 369 1515 Eius
401 1480 465 1516 est
496 1476 678 1516 nihilum
709 1477 852 1530 ipsum
885 1476 1005 1516 cuius
1038 1482 1081 1516 et
1112 1481 1270 1516 totum.
1332 1476 1458 1530 Ergo,
1491 1476 1684 1530 inquitis,

145 1568 313 1608 semper
336 1555 608 1597 moriendum
631 1557 713 1597 erit
737 1562 780 1597 et
803 1570 971 1610 semper
994 1555 1330 1610 resurgendum?
1393 1555 1435 1596 Si
1458 1556 1522 1596 ita
1544 1570 1687 1596 rerum

146 1635 347 1676 dominus
367 1637 639 1687 destinasset,
661 1638 842 1692 ingratis
862 1637 1112 1691 experireris
1134 1636 1392 1677 conditionis
1413 1641 1515 1676 tuae
1535 1636 1685 1690 legem.

147 1716 205 1756 At
236 1731 351 1756 nunc
378 1732 465 1758 non
496 1718 620 1758 aliter
650 1718 887 1758 destinauit
918 1732 1050 1771 quam
1082 1717 1362 1771 praedicauit.
1426 1716 1544 1764 Quae
1574 1717 1686 1757 ratio

147 1795 476 1837 uniuersitatem
504 1811 556 1837 ex
583 1795 837 1837 diuersitate
863 1797 1104 1850 conposuit,
1134 1802 1184 1837 ut
1210 1796 1355 1836 omnia
1382 1795 1561 1836 aemulis
1588 1795 1685 1836 sub-

146 1876 319 1916 stantiis
347 1876 426 1917 sub
456 1877 626 1917 unitate
654 1882 905 1923 constarent
933 1891 984 1916 ex
1012 1891 1151 1917 uacuo
1181 1882 1223 1917 et
1250 1876 1399 1924 solido,
1431 1890 1483 1916 ex
1511 1876 1687 1916 animali

147 1960 190 1995 et
223 1956 458 2005 inanimali,
497 1970 548 1996 ex
582 1956 941 2010 conprehensibili
975 1962 1019 1997 et
1052 1956 1470 2010 inconprehensibili,
1508 1970 1559 1996 ex
1593 1956 1687 1996 luce

148 2040 191 2075 et
220 2036 419 2085 tenebris,
449 2051 500 2077 ex
528 2037 622 2090 ipsa
651 2037 745 2077 uita
774 2042 818 2077 et
846 2042 1007 2077 morte:
1055 2036 1206 2077 eadem
1235 2051 1393 2076 aeuum
1423 2050 1596 2090 quoque
1623 2036 1686 2076 ita

147 2115 366 2156 destinata
390 2122 433 2157 et
455 2117 661 2157 distincta
685 2117 935 2158 condicione
958 2117 1186 2165 conseruit,
1212 2122 1261 2157 ut
1284 2117 1423 2171 prima
1446 2117 1550 2156 haec
1572 2130 1684 2170 pars,

147 2195 202 2234 ab
233 2196 407 2236 exordio
436 2210 579 2236 rerum
609 2211 741 2250 quam
770 2197 1009 2245 incolimus,
1040 2197 1269 2250 temporali
1298 2201 1444 2236 aetate
1473 2196 1528 2236 ad
1556 2196 1686 2236 finem

148 2274 323 2324 defluat,
357 2290 539 2329 sequens
569 2290 684 2325 uero,
718 2291 850 2330 quam
882 2282 1175 2330 expectamus,
1198 2277 1242 2317 in
1257 2276 1474 2317 infinitam
1505 2276 1685 2316 aeterni-

148 2359 286 2394 tatem
302 2361 576 2409 propagetur.
638 2356 745 2396 Cum
762 2370 859 2410 ergo
874 2356 971 2396 finis
986 2361 1029 2396 et
1043 2356 1176 2405 limes,
1194 2356 1361 2396 medius
1376 2356 1450 2409 qui
1463 2355 1684 2405 interhiat,

148 2434 349 2483 adfuerit,
392 2440 441 2475 ut
484 2436 615 2476 etiam
655 2437 789 2490 ipsius
829 2437 981 2477 mundi
1022 2437 1183 2491 species
1223 2436 1511 2476 transferatur
1551 2450 1687 2489 aeque

148 2515 410 2568 temporalis,
433 2530 543 2569 quae
561 2516 621 2556 illi
641 2517 912 2570 dispositioni
931 2517 1203 2557 aeternitatis
1223 2516 1361 2556 aulaei
1380 2516 1473 2556 uice
1492 2530 1685 2569 oppansa

149 2601 225 2643 est,
259 2601 363 2635 tunc
392 2596 646 2636 restituetur
675 2611 802 2636 omne
832 2597 1072 2637 humanum
1102 2611 1235 2651 genus
1266 2596 1321 2636 ad
1351 2595 1686 2649 expungendum

149 2675 266 2727 quod
291 2675 336 2714 in
360 2675 444 2715 isto
471 2690 578 2716 aeuo
604 2676 706 2716 boni
732 2691 807 2716 seu
833 2677 935 2717 mali
961 2677 1130 2725 meruit,
1161 2682 1204 2716 et
1230 2676 1383 2716 exinde
1408 2674 1688 2729 pendendum

1709 935 1755 957 10

1711 1334 1754 1364 15

1708 1732 1755 1754 20

1709 2134 1754 2164 25

1709 2536 1754 2566 30
