1827 3004
120 147 162 187 p.
187 135 241 175 50
262 133 289 175 1.
318 135 382 187 11]
573 134 1010 177 APOLOGETICVS
1047 136 1108 184 14,
1146 137 1195 176 15
1577 137 1657 176 243

121 245 256 286 nitam
281 246 508 287 stultitiam
529 247 714 288 transire
730 260 886 301 passus
906 252 974 287 est.
1026 246 1128 288 ibid.
1151 258 1182 286 X
1204 247 1333 301 praef.
1356 246 1374 302 ξ
1397 249 1431 287 2.
1494 262 1602 288 suas.
1632 250 1655 288 2

119 312 138 369 ξ
162 317 225 354 12.
288 314 386 355 Sen.
410 314 554 357 Const.
579 315 677 371 Sap.
702 315 753 356 17
777 313 796 371 ξ
817 317 842 356 3
877 315 1108 364 Vatinium,
1130 315 1340 356 hominem
1368 322 1514 357 natum
1543 323 1579 357 et
1601 317 1658 358 ad

122 383 251 423 risum
297 389 333 424 et
373 384 431 424 ad
471 385 626 433 odium,
657 399 851 425 scurram
885 383 1030 438 fuisse
1070 390 1108 425 et
1144 390 1364 425 uenustum
1399 391 1436 425 et
1472 385 1658 427 dicacem

120 452 346 493 memoriae
370 453 594 507 proditum
624 459 693 494 est.
840 495 844 498 ,

208 531 352 561 MIMOS
381 528 460 563 cet.
521 522 632 577 Aug.
656 522 722 563 De
745 522 838 564 Ciu.
858 521 940 562 Dei
959 533 1007 562 IV
1025 523 1088 562 126.
1136 521 1295 563 Minue.
1315 522 1366 563 :37
1390 520 1491 577 §12
1530 521 1656 577 Cypr.
1678 542 1696 572 5

114 588 174 629 ad
197 589 351 630 Donat.
375 592 399 630 8
418 590 487 630 fin.
510 606 548 646 p.
575 593 638 632 10.
690 590 848 631 Arnob.
872 601 920 630 IV
943 592 996 631 36
1019 591 1148 632 etiam
1170 591 1313 631 mimis
1341 596 1378 632 et
1404 591 1656 632 scurrilibus

121 658 252 699 ludici
265 660 301 699 is
337 660 701 701 sanctissimorum
725 675 932 714 personae
967 661 1294 715 interpomcntur
1329 661 1514 709 deorum,
1544 667 1581 702 et
1612 667 1658 702 ‘ut

118 728 417 781 spectatoribus
448 729 595 770 ‘uacuis
626 729 738 770 risus
773 731 908 784 possit
939 735 1061 784 atque
1093 729 1296 770 hilaritas
1327 730 1515 778 excitari,
1546 731 1657 771 iocu-

114 795 282 836 laribus
305 796 532 850 feriuntur
564 797 908 839 cauillationibus
945 797 1292 852 niwnina...quod
1322 798 1360 838 si
1389 797 1554 840 haberet
1587 814 1658 840 uos

119 865 267 919 aliqua
293 866 441 906 uestris
465 881 548 920 pro
570 866 840 921 reliyionibus
861 867 1111 921 indissnatio,
1133 867 1210 908 has
1234 868 1378 921 potius
1400 867 1564 909 litteras
1586 882 1658 909 ‘uos
1679 889 1721 910 10

119 948 290 975 exurere
321 935 520 976 debuistis
551 935 665 984 olim,
698 936 826 977 libros
856 938 956 978 istos
987 937 1196 986 demoliri,
1227 937 1457 979 dissoluere
1492 937 1654 979 theatra

117 1002 218 1044 haec
246 1005 400 1058 potius,
431 1005 476 1045 in
508 1005 655 1059 quibus
695 1005 905 1060 infamiae
938 1007 1160 1047 ‘numinum
1193 1006 1468 1060 propudiosis
1507 1007 1657 1048 cotidie

113 1072 388 1127 publicantur
409 1075 453 1114 in
465 1074 646 1129 fabulis.
700 1077 754 1116 35
777 1075 939 1130 (partly
961 1075 1076 1116 cited
1099 1075 1265 1128 below).
1318 1075 1521 1117 Prudent.
1541 1076 1656 1117 Peri-

119 1142 257 1197 steph.
277 1154 306 1182 X
323 1145 551 1184 220—230
566 1159 640 1185 cur
656 1145 699 1184 in
718 1144 893 1185 theatris
909 1151 946 1186 te
963 1144 1130 1186 uidente
1146 1145 1193 1185 id
1203 1145 1461 1199 plauditur?
1480 1146 1483 1193 Ι
1502 1160 1657 1201 cyynus

119 1216 336 1265 stuprator
375 1218 521 1266 peccat
557 1213 667 1254 inter
701 1213 887 1268 pulpita,
915 1213 919 1268 Ι
948 1213 1079 1254 saltat
1119 1219 1331 1254 tonantem
1372 1215 1655 1256 tauricornem
1677 1233 1718 1263 15

120 1279 275 1328 ludius,
303 1280 307 1334 Ι
336 1286 543 1334 spectator
582 1281 732 1322 horum
770 1281 961 1337 pontifex
991 1296 1180 1322 summus
1210 1281 1334 1330 sedes,
1361 1280 1365 1337 Ι
1396 1283 1589 1338 ridesque
1620 1290 1657 1325 et

119 1348 219 1401 ipse,
243 1363 315 1390 'nec
346 1349 533 1403 neyando
567 1350 711 1399 diluis,
741 1351 745 1406 Ι
773 1366 865 1392 cum
887 1351 1020 1406 sama
1046 1351 1154 1391 tanti
1177 1350 1405 1405 polluatur
1429 1352 1627 1393 numinis.
1652 1352 1654 1405 Ι

120 1432 196 1458 cur
221 1424 276 1466 tu,
298 1424 473 1467 sacrate,
488 1433 570 1473 per
600 1419 821 1461 cachinnos
851 1419 1040 1468 solueris‚
1067 1418 1071 1475 Ι
1102 1434 1195 1460 cum
1225 1434 1266 1460 se
1298 1421 1503 1461 maritum
1525 1421 1658 1476 finyit

120 1486 352 1528 Alcmenae
383 1487 495 1536 deus,
522 1488 525 1542 Ι
558 1488 760 1529 ‘meretrix
789 1488 982 1529 Adonem
1011 1488 1281 1528 uulneratum
1309 1490 1501 1531 scaenica
1527 1488 1531 1544 Ι
1563 1490 1656 1530 libi-

121 1555 265 1596 dinoso
281 1556 456 1610 planyit
481 1556 651 1611 adfectu
674 1557 835 1610 palam,
863 1557 868 1611 Ι
894 1571 966 1598 nec
991 1562 1028 1598 te
1055 1557 1244 1610 lupanar
1268 1556 1469 1612 Cypridis
1489 1564 1658 1599 sanctae
1678 1576 1721 1597 20

120 1626 288 1666 mouet?
348 1624 411 1667 Cf.
434 1625 551 1666 Laoc.
574 1636 603 1665 V
633 1627 685 1666 10
707 1623 745 1681 ἐξ
770 1628 819 1666 15
846 1628 911 1673 16,
935 1627 988 1666 20
1009 1626 1028 1681 ᾗ
1052 1628 1103 1666 12
1129 1631 1173 1667 at
1194 1626 1304 1667 enim
1324 1627 1531 1681 puniendi
1551 1633 1658 1676 sunt,

115 1693 194 1747 *qui
231 1693 451 1735 destruunt
486 1693 722 1747 reliyiones.
783 1709 883 1734 num
914 1694 1039 1748 peius
1071 1709 1142 1736 nos
1175 1694 1441 1744 destruimus,
1472 1710 1653 1750 quam...

120 1762 233 1802 idem
254 1763 350 1816 ipsi,
373 1763 447 1817 qui
467 1777 562 1804 cum
584 1763 679 1804 deos
701 1763 834 1804 colere
853 1778 894 1804 se
916 1763 1070 1812 dicant,
1094 1769 1233 1805 tamen
1254 1779 1319 1806 eos
1334 1765 1500 1820 publice
1522 1765 1658 1820 turpi-

121 1836 260 1885 terque
281 1831 483 1880 derident,
506 1831 556 1872 de
577 1831 724 1886 quibus
746 1832 874 1873 etiam
892 1832 1040 1873 mimos
1063 1833 1135 1885 ayi
1157 1847 1250 1873 cum
1271 1833 1364 1874 risu
1385 1839 1423 1875 et
1444 1834 1659 1888 uoluptate

117 1899 359 1953 patiuntur.
403 1899 517 1955 Epit.
542 1902 594 1941 55
617 1899 688 1956 §3
723 1902 776 1942 63
797 1899 816 1956 ἓ
839 1903 875 1942 6.
917 1901 1029 1956 Aug.
1052 1900 1148 1943 Ciu.
1165 1901 1249 1942 Dei
1271 1913 1321 1941 IV
1340 1903 1392 1943 26
1416 1917 1449 1943 6.
1463 1917 1501 1957 g.
1521 1906 1556 1955 (Ι
1577 1902 1656 1944 179
1678 1923 1720 1954 25

125 1969 146 2008 7
180 1968 260 2022 sq.)
290 1969 336 2008 in
371 1969 462 2009 illis
498 1974 604 2010 certe
639 1969 752 2010 ludis
788 1969 954 2024 poetica
990 1971 1212 2011 numinum
1248 1971 1431 2012 crimina
1462 1971 1657 2026 frequen-

122 2042 280 2085 tantur,
313 2038 389 2091 qui
423 2037 520 2078 ludi
552 2038 787 2092 coyentibus
822 2039 1062 2080 numinibus
1097 2040 1214 2079 iussu
1245 2045 1413 2080 senatus
1443 2040 1657 2081 instaura-

123 2105 288 2146 bantur.
342 2106 389 2146 in
416 2106 507 2147 illis
536 2107 648 2147 ludis
677 2113 960 2162 corruptorem
977 2108 1215 2162 pudicitiae
1242 2108 1392 2149 Iouem
1420 2109 1659 2164 turpissimi

121 2174 342 2216 histriones
370 2174 594 2216 cantabant
622 2176 798 2230 ayebant
818 2177 1052 2231 placebant.

209 2259 247 2299 p.
272 2245 371 2285 501.
397 2247 447 2285 11
481 2256 698 2287 STROPHIS
729 2246 794 2287 De
827 2247 970 2302 Spect.
994 2249 1046 2289 29
1080 2247 1248 2288 Oehler.
1316 2248 1426 2289 Adu.
1456 2248 1656 2290 Marcion.
1678 2271 1722 2301 30

124 2324 176 2352 ΙΙΙ
202 2315 254 2353 10
278 2313 385 2354 med.
435 2313 501 2355 De
523 2314 666 2355 Anim.
692 2317 744 2355 28
768 2330 805 2370 p.
829 2315 911 2356 347
936 2316 960 2357 l.
980 2318 1032 2356 32
1052 2315 1175 2357 Wiss.
1229 2316 1396 2357 Petron.
1420 2319 1486 2358 60.
1538 2318 1656 2359 Hier.

124 2382 200 2436 Ep.
243 2384 296 2422 88
335 2385 390 2437 (p.
435 2381 556 2436 53712)
597 2383 899 2425 haereticorum
942 2400 1018 2426 -as.
1082 2387 1162 2426 133
1202 2387 1225 2425 2
1268 2385 1449 2438 (10272).
1512 2386 1657 2428 Contr.

123 2451 264 2492 Rufin.
288 2463 321 2492 Π
346 2454 398 2492 20
422 2453 445 2492 f.
468 2453 590 2507 quasi
615 2454 791 2494 mimum
818 2454 1090 2496 Philistionis
1118 2455 1183 2496 uel
1212 2454 1383 2496 Lentuli
1403 2471 1451 2497 ac
1474 2456 1660 2498 fllarulli

122 2521 339 2575 stropham
360 2521 540 2575 eleyanti
560 2537 744 2564 sermone
766 2524 993 2577 confictam.

211 2601 459 2630 MASCVLVM
496 2602 655 2631 LVNAM
692 2592 792 2633 deus
822 2593 968 2633 Lunus
1002 2593 1106 2644 Μήυ
1137 2592 1182 2632 in
1217 2592 1421 2648 Spartian
1454 2594 1599 2636 Carae.
1632 2597 1656 2637 6
1678 2614 1720 2644 35

122 2657 142 2714 ἓ
171 2661 206 2699 7.
270 2659 613 2700 Proller-Jordan
638 2671 672 2700 ΙΙ
699 2662 780 2700 411
805 2663 855 2701 4:
887 2661 1033 2701 ‘Auch
1056 2660 1132 2702 der
1158 2661 1265 2702 deus
1286 2662 1436 2704 Lunus
1458 2666 1537 2704 auf
1559 2664 1657 2705 dem

123 2742 174 2767 zu
205 2727 354 2767 Boden
385 2729 658 2783 gestreckten
690 2728 831 2770 Stiere
863 2730 941 2770 auf
966 2729 1107 2770 einen]
1138 2730 1396 2772 Votivrelief
1417 2748 1493 2773 aus
1517 2733 1659 2774 Koula

123 2795 168 2836 in
207 2796 423 2852 Phrygien
459 2797 529 2838 bei
566 2797 720 2839 Texier
752 2798 855 2840 Asie
890 2798 1087 2840 Mineure
1122 2810 1136 2840 Ι
1171 2802 1222 2841 51
1259 2802 1312 2841 52
1344 2800 1401 2842 ist
1433 2802 1527 2843 eine
1559 2802 1657 2843 dem

1421 2887 1548 2923 16-2
