1827 3004
164 69 241 107 130
728 63 1126 105 TERTVLLIANI

160 181 319 222 Sexum
356 195 433 221 nec
470 180 703 220 femineum
740 184 886 219 mutat
922 178 1203 218 Christianus.
1264 177 1378 218 Noui
1415 182 1459 217 et
1495 177 1699 230 Phrynen

161 255 427 294 meretricem
449 253 652 307 Diogenis
674 266 804 306 supra
824 251 1115 291 recumbentis
1137 251 1278 291 ardori
1300 251 1544 300 subantem,
1569 250 1698 291 audio

161 333 204 367 et
225 327 443 380 quendam
464 326 755 380 Speusippum
776 325 829 365 de
850 325 1044 364 Platonis
1064 324 1208 364 schola
1229 324 1270 364 in
1293 324 1506 364 adulterio
1526 324 1697 377 perisse.

162 400 430 441 Christianus
472 399 595 440 uxori
639 413 741 439 suae
783 399 860 439 soli
903 398 1119 438 masculus
1161 398 1365 438 nascitur.
1425 398 1701 438 Democritus

161 473 431 514 excaecando
476 473 769 526 semetipsum,
817 472 934 526 quod
978 472 1175 512 mulieres
1218 472 1309 512 sine
1352 472 1739 525 concupiscentia5

161 548 349 601 aspicere
364 562 451 587 non
466 552 612 601 posset
627 552 670 586 et
685 546 849 586 doleret
864 546 898 586 si
913 560 1000 586 non
1016 551 1128 586 esset
1142 546 1321 599 potitus,
1338 546 1699 586 incontinentiam

162 622 465 662 emendatione
496 620 738 675 profitetur.
799 620 859 660 At
892 620 1162 660 Christianus
1189 620 1319 660 saluis
1352 620 1485 660 oculis
1518 620 1700 660 feminas

159 709 245 735 non
275 694 417 741 uidet;
466 694 610 734 animo
641 694 848 734 aduersus
876 693 1099 733 libidinem
1130 707 1281 734 caecus
1311 699 1388 734 est.
1449 694 1492 734 Si
1522 694 1574 734 de
1604 709 1698 748 pro-

159 768 298 808 bitate
336 767 580 815 defendam,
623 781 718 807 ecce
756 767 983 807 lutulentis
1020 766 1203 821 pedibus
1240 767 1453 822 Diogenes
1492 768 1698 821 superbos

159 841 353 882 Platonis
397 846 515 882 toros
560 841 644 881 alia
689 841 890 895 superbia
936 841 1155 882 deculcat:
1219 841 1487 882 Christianus
1532 856 1610 882 nec
1654 843 1697 882 in
1721 855 1764 876 10

158 932 391 972 pauperem
422 917 629 971 superbit.
690 918 733 958 Si
764 918 817 958 de
848 917 1061 958 modestia
1092 923 1264 967 certem,
1299 932 1394 958 ecce
1425 919 1697 973 Pythagoras

158 995 275 1049 apud
307 995 500 1043 Thurios,
534 995 680 1035 Zenon
711 995 829 1049 apud
860 995 1109 1035 Prienenses
1140 995 1417 1048 tyrannidem
1448 996 1695 1037 adfectant:

159 1072 425 1113 Christianus
461 1087 563 1113 uero
599 1086 677 1112 nec
712 1072 993 1113 aedilitatem.
1055 1071 1097 1112 Si
1133 1071 1186 1112 de
1221 1072 1564 1126 aequanimitate
1600 1087 1696 1114 con-

156 1148 336 1202 grediar,
356 1148 578 1202 Lycurgus
595 1148 913 1202 apocarteresin
930 1148 1116 1202 optauit,
1137 1148 1254 1202 quod
1269 1148 1382 1202 leges
1399 1149 1489 1189 eius
1506 1149 1697 1191 Lacones

159 1227 482 1267 emendassent:
525 1226 794 1267 Christianus
817 1226 949 1266 etiam
973 1226 1208 1266 damnatus
1230 1226 1392 1280 gratias
1414 1227 1516 1281 agit.
1578 1227 1620 1268 Si
1644 1228 1696 1268 de
1720 1243 1761 1274 15

157 1303 240 1343 fide
286 1317 529 1357 conparern,
578 1303 859 1357 Anaxagoras
905 1302 1151 1356 depositum
1198 1303 1396 1344 hostibus
1441 1304 1693 1359 denegauit:

156 1380 424 1421 Christianus
459 1386 503 1420 et
537 1385 659 1420 extra
694 1380 830 1420 fidelis
865 1386 1060 1421 uocatur.
1122 1380 1164 1421 Si
1199 1380 1252 1421 de
1286 1381 1564 1435 simplicitate
1598 1396 1694 1422 con-

155 1456 319 1505 sistam,
364 1457 617 1497 Aristoteles
660 1457 916 1497 familiarem
957 1471 1083 1497 suum
1126 1457 1336 1497 Hermian
1378 1458 1563 1512 turpiter
1603 1459 1696 1500 loco

156 1534 359 1574 excedere
387 1534 510 1575 fecit:
558 1535 827 1575 Christianus
854 1549 932 1575 nec
960 1535 1183 1575 inimicum
1211 1548 1337 1574 suum
1366 1535 1512 1575 laedit.
1573 1536 1695 1577 Idem

156 1611 408 1651 Aristoteles
444 1616 536 1652 tarn
573 1612 759 1666 turpiter
794 1612 1040 1652 Alexandro
1077 1612 1262 1666 regendo
1298 1612 1444 1666 potius
1480 1613 1693 1663 adolatur,
1716 1633 1761 1655 20

157 1701 287 1740 quain
317 1687 442 1728 Plato
471 1702 495 1727 a
524 1688 733 1741 Dionysio
763 1688 927 1728 uentris
954 1688 1094 1742 gratia
1122 1688 1388 1729 uenditatur.
1449 1689 1696 1744 Aristippus

156 1764 199 1804 in
246 1778 437 1817 purpura
483 1764 563 1805 sub
611 1779 769 1819 magna
815 1765 1045 1819 grauitatis
1092 1766 1315 1819 superficie
1361 1772 1609 1820 nepotatur,
1654 1773 1697 1808 et

156 1840 342 1894 Hippias
363 1841 467 1881 dum
491 1841 660 1881 ciuitati
682 1841 858 1881 insidias
881 1842 1085 1896 disponit,
1110 1843 1332 1883 occiditur.
1394 1843 1488 1883 Hoc
1511 1858 1587 1897 pro
1610 1844 1697 1885 suis

156 1917 273 1956 omni
295 1917 527 1957 atrocitate
548 1917 767 1971 dissipatis
789 1932 915 1959 nemo
937 1933 1131 1973 unquam
1153 1920 1392 1973 temptauit
1413 1920 1694 1961 Christianus.

156 1993 241 2033 Sed
272 1993 386 2034 dicet
417 1994 572 2047 aliquis
604 1994 735 2034 etiam
767 1995 820 2035 de
850 1996 1009 2036 nostris
1041 1996 1244 2036 excedere
1275 1997 1487 2051 quosdam
1510 1999 1695 2053 aregula
1716 2019 1760 2049 25

156 2071 420 2124 disciplinae.
480 2071 697 2112 Desinunt
747 2078 895 2113 tamen
945 2073 1175 2114 Christiani
1227 2074 1373 2115 haberi
1423 2090 1553 2129 penes
1602 2090 1693 2125 nos,

158 2147 401 2201 philosophi
438 2162 540 2189 uero
576 2149 635 2188 illi
673 2163 770 2189 cum
807 2150 968 2190 talibus
1004 2150 1132 2190 factis
1166 2151 1211 2190 in
1246 2152 1420 2191 nomine
1457 2157 1500 2192 et
1536 2152 1697 2193 honore

157 2224 396 2277 sapientiae
449 2232 739 2279 perseuerant.
800 2227 919 2267 Adeo
974 2227 1078 2281 quid
1132 2227 1268 2268 simile
1320 2229 1601 2283 philosophus
1655 2235 1698 2270 et

160 2301 454 2342 Christianus?
508 2302 711 2343 Graeciae
745 2303 980 2357 discipulus
1016 2310 1059 2344 et
1093 2305 1224 2345 caeli?
1277 2305 1420 2346 famae
1454 2307 1699 2360 negotiator

162 2384 205 2418 et
232 2379 376 2419 uitae?
410 2381 641 2421 uerborum
670 2386 714 2421 et
736 2381 952 2422 factorum
976 2387 1189 2435 operator,
1216 2388 1259 2423 et
1282 2397 1423 2423 rerum
1448 2383 1699 2424 aedificator
1718 2399 1763 2430 30

163 2460 206 2495 et
223 2456 492 2497 destructor?
528 2458 692 2498 amicus
710 2463 753 2499 et
768 2458 967 2499 inimicus
985 2459 1162 2499 erroris?
1197 2459 1396 2500 ueritatis
1412 2460 1698 2514 interpolator

163 2536 207 2571 et
227 2532 465 2586 integrator
485 2539 529 2574 et
550 2548 783 2588 expressor,
809 2540 852 2575 et
873 2535 1040 2576 furator
1061 2535 1150 2576 eius
1172 2541 1216 2576 et
1237 2537 1407 2576 custos?

246 2660 319 2700 47.
378 2662 609 2716 Antiquior
646 2663 845 2704 omnibus
884 2663 1057 2713 ueritas,
1098 2663 1177 2704 nisi
1216 2663 1352 2712 fallor,
1394 2668 1437 2703 et
1475 2663 1555 2703 hoc
1592 2663 1697 2704 mihi
