1827 3004
125 121 166 161 p.
193 108 243 147 34
266 105 292 147 l.
318 106 388 158 21]
642 103 1080 147 APOLOGETIOVS
1113 106 1138 145 9
1578 102 1658 142 207

125 219 283 271 111ed.(l
299 221 469 259 301-2
485 218 574 271 Μ.).
610 217 763 258 Iulian.
779 232 820 272 p.
835 220 876 258 9Ο
893 216 1017 269 (with
1034 216 1212 268 sisbers).
1252 215 1470 270 [Ps.-Aug.
1485 213 1662 266 Quaest.

125 288 221 329 Veh.
243 294 287 329 et
309 287 420 328 Nou.
443 287 558 327 Test.
586 301 651 327 no.
677 289 757 327 115
784 286 803 341 ξ
827 288 890 327 19.
940 286 992 326 A.
1015 284 1076 339 S]
1137 284 1267 325 Thdt.
1297 284 1368 324 Gr.
1397 284 1466 324 aff.
1491 298 1576 324 eur.
1607 294 1660 323 ΙΙΙ

119 354 160 412 ἐξ
183 358 249 404 37,
272 358 338 403 96,
360 356 426 396 97.
477 354 786 409 ἀδελφομιξία,
812 354 941 394 Basil.
970 353 1048 409 Ep.
1078 352 1158 393 217
1183 367 1274 393 can.
1301 354 1353 393 65
1379 351 1445 392 75.
1507 351 1662 392 Euseb.

125 424 274 479 Praep.
304 424 381 464 Eu.
410 434 458 463 VI
490 424 542 463 10
563 424 631 463 46.
692 422 907 477 Bingham
938 433 1040 462 XXII
1075 424 1096 462 1
1128 423 1167 461 4.
1227 420 1352 475 Greg.
1380 419 1507 475 Nyss.
1532 434 1566 460 c.
1589 420 1662 460 fat.

122 493 292 548 (Migne
316 493 360 533 P.
382 492 432 532 G.
454 502 547 532 XLV
569 491 644 531 col.
668 490 750 532 170
769 494 828 542 A).
888 490 1048 546 Agath.
1070 502 1105 530 ΙΙ
1130 492 1183 530 24
1205 504 1264 545 pr.
1680 507 1699 538 5

210 577 248 617 p.
272 563 326 602 34
349 561 374 602 l.
397 560 448 602 17
471 571 772 601 TRAGOEDIAM
799 560 995 600 Lacu-ant.
1018 559 1119 600 Diu.
1141 559 1248 599 Insb.
1270 569 1319 599 VI
1343 560 1397 599 20
1417 556 1456 613 ἐξ
1478 561 1544 606 23,
1567 559 1632 599 28.

212 646 252 686 p.
283 633 338 671 34
369 631 394 671 l.
428 631 480 672 19
511 629 565 670 ἃᾶ
597 636 686 670 nat.
720 640 735 669 Ι
771 630 821 669 16
859 644 899 684 p.
930 628 982 669 87
1019 628 1044 669 1.
1078 628 1100 669 7
1136 628 1262 668 WViss.
1303 628 1494 682 respicite
1529 627 1663 682 iqitur

124 700 300 740 lua-uria
326 699 436 740 inter
464 713 626 740 errores
654 704 691 739 et
720 703 860 738 uentos
879 698 1126 751 fluctuante,
1149 697 1187 738 si
1212 697 1359 738 desunt
1378 696 1542 752 populi,
1563 711 1662 751 quos

121 769 182 809 ad
203 768 275 810 hoc
295 767 464 809 sceleris
485 767 697 808 incursent
719 766 809 807 lata
832 766 949 806 uada
972 771 1009 807 et
1030 780 1185 819 aspera
1206 765 1377 807 erroris.
1436 766 1479 805 in
1501 765 1663 820 primis

123 853 218 879 cum
258 837 444 892 infantes
483 841 643 877 uestros
684 835 849 876 alienae
889 834 1208 875 ‘misericordiae
1257 835 1462 889 exponitis
1502 840 1576 876 aut
1615 835 1659 875 in
1683 855 1724 876 10

123 906 391 961 adoptionem
418 904 661 946 melioribus
680 903 941 959 parentibus
964 903 1265 944 obliuiscimini
1292 909 1451 958 quanta
1479 903 1663 944 materia

123 975 270 1016 incesti
297 973 678 1021 sumministratur,
699 979 855 1027 quanta
887 972 1046 1014 occasio
1076 972 1241 1013 casibus
1267 973 1489 1027 aperitur?
1549 972 1663 1027 Aug.

126 1045 204 1100 Ep.
223 1046 275 1085 23
298 1046 392 1097 (98)
413 1043 468 1084 ἃᾶ
490 1042 675 1083 Bonifat.
697 1046 751 1096 (11
770 1040 895 1096 266d)
916 1042 1148 1097 aliquando
1170 1043 1297 1083 etiam
1318 1057 1417 1096 quos
1438 1042 1664 1084 crudeliter

122 1119 319 1168 parentes
351 1118 626 1167 exposuerunt
659 1111 905 1152 nutriendos
942 1126 969 1152 a
1000 1110 1258 1166 quibuslibet,
1291 1126 1604 1166 nonnumquam
1637 1127 1664 1152 a

123 1184 259 1224 sacris
280 1181 518 1236 uirqinibus
539 1181 798 1235 colliquntur
818 1187 855 1222 et
877 1180 927 1221 ab
949 1181 1008 1221 eis
1030 1181 1263 1235 offeruntur
1284 1181 1342 1222 ad
1363 1180 1629 1236 baptismum.
1684 1201 1724 1232 15

212 1267 250 1308 p.
284 1253 339 1292 34
376 1251 401 1291 1.
434 1253 487 1292 20
529 1262 820 1291 PASSIVITATE
861 1250 1263 1306 prmniscuousness,
1306 1250 1458 1306 roving
1496 1257 1664 1292 nature.

128 1322 194 1362 De
217 1320 311 1363 Cor.
333 1309 469 1362 Milli.
485 1322 510 1359 8
532 1334 572 1375 p.
594 1334 650 1360 m.
665 1318 906 1360 huiusmodi
927 1319 1157 1374 quaestioni
1174 1319 1232 1360 sic
1254 1319 1405 1374 ubique
1426 1320 1664 1375 respondeo,

127 1392 352 1433 admittens
379 1389 557 1445 quidem.
574 1389 819 1430 utensilium
848 1389 1186 1437 communionem,
1208 1389 1279 1430 sed
1303 1404 1542 1444 prouocans
1572 1405 1666 1431 eam

129 1461 185 1502 ad
216 1459 499 1502 rationalium
531 1463 567 1499 et
596 1458 921 1499 irrationalium
952 1457 1271 1506 distinctionem,
1302 1459 1403 1513 quia
1433 1459 1666 1512 passiuitas

115 1530 248 1586 fallit
290 1529 538 1571 obumbrans
573 1527 856 1582 corruptelam
897 1527 1160 1568 conditionis.
1220 1527 1333 1569 Adu.
1370 1528 1574 1584 Hermog.
1609 1531 1661 1569 41
1684 1548 1728 1570 20

128 1615 169 1655 p.
199 1599 280 1640 170
311 1598 336 1638 l.
365 1599 417 1638 22
446 1597 522 1638 Kr.
549 1596 649 1638 llaec
679 1597 842 1651 inquies
872 1611 952 1637 non
984 1602 1052 1645 est,
1083 1596 1183 1637 haec
1214 1595 1470 1637 turbulentia
1501 1603 1538 1638 et
1564 1612 1664 1651 pas-

127 1669 278 1710 siuitas
307 1682 388 1708 non
415 1672 483 1715 est,
511 1667 584 1708 sed
611 1666 844 1707 moderatio
873 1672 910 1707 et
937 1665 1140 1707 modestia
1168 1671 1206 1707 et
1232 1666 1399 1707 iustitia
1427 1667 1666 1707 motationis

128 1743 321 1779 neutram
348 1736 394 1776 in
421 1741 587 1790 partem
615 1735 876 1776 inclinantis.
937 1733 1054 1775 Salu.
1076 1745 1143 1774 VII
1173 1732 1192 1790 ξ
1216 1736 1266 1776 16
1298 1735 1435 1783 immo,
1462 1741 1665 1789 quantum

129 1806 187 1847 ad
209 1805 501 1860 passiuitatem
523 1803 714 1844 libidinis
731 1803 922 1858 pertinet,
941 1803 1034 1857 quis
1049 1818 1130 1843 non
1147 1803 1360 1856 coniuqem
1377 1803 1423 1843 in
1443 1818 1665 1844 numerum

127 1874 389 1916 ancillarum
428 1872 619 1927 redwit?
678 1870 697 1928 ἓ
732 1874 785 1912 18
823 1878 944 1926 atque
979 1871 1061 1920 illi,
1095 1871 1145 1912 de
1180 1871 1326 1926 quibus
1366 1871 1465 1913 haec
1505 1873 1663 1927 scripta
1685 1891 1727 1922 25

129 1944 317 1998 leqimus,
343 1948 379 1984 et
409 1942 572 1983 minore
591 1941 782 1996 fortasse
814 1941 990 1982 crimine
1020 1946 1057 1981 et
1087 1941 1259 1990 minore,
1288 1946 1333 1981 ut
1360 1955 1464 1989 reor,
1495 1956 1666 1983 numero

129 2014 358 2055 criminum
407 2026 456 2053 ac
498 2011 754 2066 passiuitate
800 2010 1034 2065 peccabunt.
1080 2009 1272 2051 Oehler's
1319 2010 1406 2050 ind.
1454 2022 1666 2052 PASSIVVS

130 2082 324 2135 (PANDO)
356 2080 409 2120 ad
441 2086 529 2120 nat.
564 2091 598 2119 ΙΙ
633 2082 653 2119 1
680 2080 704 2120 f.
769 2079 834 2119 De
868 2078 1110 2133 Monogam.
1145 2080 1168 2119 6
1206 2093 1266 2133 pr.
1298 2078 1353 2119 ad
1385 2079 1513 2120 onr.
1545 2091 1560 2120 1
1594 2082 1617 2121 2
1642 2081 1667 2121 f.

131 2151 260 2194 Cone.
291 2149 439 2192 Carth.
472 2151 493 2188 1
528 2163 561 2189 e.
594 2148 631 2189 7.

218 2219 348 2275 Apul.
376 2218 552 2259 Metam.
581 2229 631 2258 IX
660 2231 699 2272 p.
729 2219 824 2265 202,
866 2228 914 2256 VI
941 2218 1006 2257 10.
1065 2216 1116 2256 cf.
1144 2231 1185 2256 n.
1214 2217 1319 2257 from
1349 2217 1463 2260 Tert.
1496 2218 1549 2259 ad
1578 2225 1666 2260 nat.
1686 2239 1730 2270 30

132 2301 149 2329 1
180 2291 231 2330 16
255 2289 281 2328 f.
308 2287 477 2341 (Journ.
500 2286 610 2326 Phil.
631 2297 697 2325 XX
729 2286 831 2338 279)
858 2300 883 2325 a
904 2284 1152 2340 kidnapped
1173 2285 1257 2340 boy
1278 2285 1369 2326 sold
1390 2286 1435 2326 in
1457 2287 1561 2327 Asia
1581 2288 1665 2328 and

131 2358 279 2413 finally
300 2356 489 2412 brought
517 2361 562 2396 to
591 2354 665 2395 the
696 2354 862 2394 Roman
894 2353 1061 2394 market
1092 2354 1176 2394 and
1207 2354 1374 2410 bought]
1400 2355 1456 2411 by
1479 2356 1544 2397 his
1573 2372 1664 2397 own

134 2427 286 2468 father.
337 2425 451 2466 Socr.
474 2423 529 2463 H.
548 2423 592 2464 E.
617 2434 631 2463 Ι
657 2425 709 2463 18
731 2421 750 2477 ἓ
773 2422 795 2462 7
815 2421 943 2463 wives
965 2436 1159 2463 common
1182 2430 1396 2479 properby.
1449 2425 1668 2482 Exposing

132 2495 325 2537 children
347 2508 473 2534 cause
501 2493 548 2533 of
571 2492 719 2541 incest,
747 2491 842 2531 infr.
865 2494 917 2532 39
940 2506 980 2546 p.
999 2494 1079 2532 112
1103 2492 1127 2532 l.
1151 2494 1204 2532 24
1226 2508 1265 2534 n.
1327 2493 1484 2534 Iustin.
1505 2494 1629 2549 Apol.
1650 2506 1665 2535 1

131 2580 166 2606 c.
198 2565 249 2605 27
281 2578 317 2619 p.
350 2563 432 2611 700,
461 2577 494 2602 c.
523 2563 575 2602 29
608 2576 670 2616 pr.
699 2575 739 2615 p.
769 2558 857 2602 71‘¹.
917 2560 1076 2602 Minue.
1109 2563 1163 2603 30
1193 2560 1212 2618 ξ
1244 2565 1280 2603 2.
1321 2564 1373 2603 31
1407 2562 1426 2617 g
1457 2565 1494 2603 3.
1555 2564 1666 2605 Rein
1685 2573 1728 2606 35

134 2631 377 2675 Criminalr.
399 2632 479 2670 441
505 2644 565 2684 sq.
626 2628 851 2683 D'ollinger
873 2628 1173 2670 Heidenthum
1195 2645 1236 2671 u.
1253 2630 1462 2671 Judenth.
1486 2632 1667 2674 716—7.

221 2716 261 2756 p.
293 2701 347 2740 :34
379 2699 404 2739 l.
436 2700 486 2738 21
522 2707 850 2737 MISERICORDIA
885 2697 1060 2739 Paullus
1092 2698 1137 2738 in
1167 2698 1252 2754 dig.
1283 2710 1383 2739 xxv
1412 2701 1437 2739 3
1464 2702 1490 2740 4
1521 2715 1668 2743 necare

134 2770 305 2812 uidetur
329 2783 405 2809 non
433 2772 597 2808 tantum
625 2766 662 2807 is
690 2766 763 2820 qui
789 2771 964 2820 partum
986 2766 1221 2822 praefocat,
1241 2767 1314 2808 sed
1334 2773 1371 2809 et
1391 2768 1429 2809 is
1450 2769 1523 2822 qui
1543 2769 1670 2812 abicit
