<?xml version="1.0" encoding="UTF-8"?>
<!DOCTYPE html PUBLIC "-//W3C//DTD XHTML 1.0 Transitional//EN"
    "http://www.w3.org/TR/xhtml1/DTD/xhtml1-transitional.dtd">
<html xmlns="http://www.w3.org/1999/xhtml" xml:lang="en" lang="en">
 <head>
  <title>
</title>
<meta http-equiv="Content-Type" content="text/html;charset=utf-8" />
  <meta name='ocr-system' content='tesseract 3.04.00' />
  <meta name='ocr-capabilities' content='ocr_page ocr_carea ocr_par ocr_line ocrx_word'/>
</head>
<body>
  <div class='ocr_page' id='page_1' title='image "apologeticustext00tertuoft_0164.png"; bbox 0 0 1827 3004; ppageno 0'>
   <div class='ocr_carea' id='block_1_1' title="bbox 134 92 1097 135">
    <p class='ocr_par' dir='ltr' id='par_1_1' title="bbox 134 92 1097 135">
     <span class='ocr_line' id='line_1_1' title="bbox 134 92 1097 135; baseline 0.005 -5"><span class='ocrx_word' id='word_1_1' title='bbox 134 92 210 131; x_wconf 71' lang='lat'>140</span> <span class='ocrx_word' id='word_1_2' title='bbox 698 94 1097 135; x_wconf 82' lang='lat' dir='ltr'><strong>TERTVLLIANI</strong></span> 
     </span>
    </p>
   </div>
   <div class='ocr_carea' id='block_1_2' title="bbox 129 203 1667 430">
    <p class='ocr_par' dir='ltr' id='par_1_2' title="bbox 129 203 1667 430">
     <span class='ocr_line' id='line_1_2' title="bbox 129 203 1667 260; baseline 0 -17"><span class='ocrx_word' id='word_1_3' title='bbox 129 203 173 243; x_wconf 91' lang='lat' dir='ltr'>in</span> <span class='ocrx_word' id='word_1_4' title='bbox 207 204 463 245; x_wconf 77' lang='lat' dir='ltr'>immensam</span> <span class='ocrx_word' id='word_1_5' title='bbox 498 207 768 247; x_wconf 73' lang='lat' dir='ltr'>aeternitatis</span> <span class='ocrx_word' id='word_1_6' title='bbox 803 206 1155 260; x_wconf 79' lang='lat' dir='ltr'>perpetuitatem.</span> <span class='ocrx_word' id='word_1_7' title='bbox 1216 206 1407 259; x_wconf 86' lang='lat' dir='ltr'>Ideoque</span> <span class='ocrx_word' id='word_1_8' title='bbox 1441 219 1518 245; x_wconf 91' lang='lat' dir='ltr'>nec</span> <span class='ocrx_word' id='word_1_9' title='bbox 1553 218 1667 244; x_wconf 87' lang='lat' dir='ltr'>mors</span> 
     </span>
     <span class='ocr_line' id='line_1_3' title="bbox 129 288 1666 343; baseline 0.001 -16"><span class='ocrx_word' id='word_1_10' title='bbox 129 288 229 337; x_wconf 87' lang='lat' dir='ltr'>iam,</span> <span class='ocrx_word' id='word_1_11' title='bbox 269 304 346 330; x_wconf 88' lang='lat' dir='ltr'>nec</span> <span class='ocrx_word' id='word_1_12' title='bbox 383 306 528 331; x_wconf 86' lang='lat' dir='ltr'>rursus</span> <span class='ocrx_word' id='word_1_13' title='bbox 565 306 613 331; x_wconf 87' lang='lat' dir='ltr'>ac</span> <span class='ocrx_word' id='word_1_14' title='bbox 650 306 796 332; x_wconf 82' lang='lat' dir='ltr'>rursus</span> <span class='ocrx_word' id='word_1_15' title='bbox 832 292 1098 340; x_wconf 85' lang='lat' dir='ltr'>resurrectio,</span> <span class='ocrx_word' id='word_1_16' title='bbox 1137 291 1212 332; x_wconf 89' lang='lat' dir='ltr'>sed</span> <span class='ocrx_word' id='word_1_17' title='bbox 1249 291 1406 331; x_wconf 87' lang='lat' dir='ltr'>erimus</span> <span class='ocrx_word' id='word_1_18' title='bbox 1441 290 1556 331; x_wconf 87' lang='lat' dir='ltr'>idem</span> <span class='ocrx_word' id='word_1_19' title='bbox 1593 289 1666 343; x_wconf 88' lang='lat' dir='ltr'>qui</span> 
     </span>
     <span class='ocr_line' id='line_1_4' title="bbox 129 376 1665 430; baseline 0.001 -17"><span class='ocrx_word' id='word_1_20' title='bbox 129 387 256 423; x_wconf 81' lang='lat' dir='ltr'>nune,</span> <span class='ocrx_word' id='word_1_21' title='bbox 292 390 368 415; x_wconf 89' lang='lat' dir='ltr'>nec</span> <span class='ocrx_word' id='word_1_22' title='bbox 401 376 471 416; x_wconf 90' lang='lat' dir='ltr'>alii</span> <span class='ocrx_word' id='word_1_23' title='bbox 503 382 615 430; x_wconf 86' lang='lat' dir='ltr'>post,</span> <span class='ocrx_word' id='word_1_24' title='bbox 650 377 717 417; x_wconf 85' lang='lat' dir='ltr'>dei</span> <span class='ocrx_word' id='word_1_25' title='bbox 750 377 925 430; x_wconf 88' lang='lat' dir='ltr'>quidem</span> <span class='ocrx_word' id='word_1_26' title='bbox 958 377 1143 417; x_wconf 90' lang='lat' dir='ltr'>cultores</span> <span class='ocrx_word' id='word_1_27' title='bbox 1175 376 1293 430; x_wconf 90' lang='lat' dir='ltr'>apud</span> <span class='ocrx_word' id='word_1_28' title='bbox 1325 376 1453 416; x_wconf 87' lang='lat' dir='ltr'>deum</span> <span class='ocrx_word' id='word_1_29' title='bbox 1485 389 1665 429; x_wconf 90' lang='lat' dir='ltr'>semper,</span> 
     </span>
    </p>
   </div>
   <div class='ocr_carea' id='block_1_3' title="bbox 129 461 1735 1394">
    <p class='ocr_par' dir='ltr' id='par_1_3' title="bbox 129 461 1735 1394">
     <span class='ocr_line' id='line_1_5' title="bbox 129 461 1668 516; baseline 0.001 -17"><span class='ocrx_word' id='word_1_30' title='bbox 129 461 400 513; x_wconf 81' lang='lat' dir='ltr'>superinduti</span> <span class='ocrx_word' id='word_1_31' title='bbox 435 462 681 502; x_wconf 86' lang='lat' dir='ltr'>substantia</span> <span class='ocrx_word' id='word_1_32' title='bbox 716 463 888 516; x_wconf 87' lang='lat' dir='ltr'>propria</span> <span class='ocrx_word' id='word_1_33' title='bbox 923 462 1216 503; x_wconf 77' lang='lat' dir='ltr'>aeternitatis:</span> <span class='ocrx_word' id='word_1_34' title='bbox 1268 462 1439 516; x_wconf 78' lang='lat' dir='ltr'>profani</span> <span class='ocrx_word' id='word_1_35' title='bbox 1473 475 1587 510; x_wconf 88' lang='lat' dir='ltr'>uero,</span> <span class='ocrx_word' id='word_1_36' title='bbox 1625 465 1668 500; x_wconf 85' lang='lat' dir='ltr'>et</span> 
     </span>
     <span class='ocr_line' id='line_1_6' title="bbox 131 539 1708 596; baseline 0.003 -18"><span class='ocrx_word' id='word_1_37' title='bbox 131 539 204 592; x_wconf 91' lang='lat' dir='ltr'>qui</span> <span class='ocrx_word' id='word_1_38' title='bbox 230 554 316 579; x_wconf 91' lang='lat' dir='ltr'>non</span> <span class='ocrx_word' id='word_1_39' title='bbox 340 540 505 595; x_wconf 76' lang='lat' dir='ltr'>integre</span> <span class='ocrx_word' id='word_1_40' title='bbox 530 541 586 581; x_wconf 88' lang='lat' dir='ltr'>ad</span> <span class='ocrx_word' id='word_1_41' title='bbox 612 541 753 590; x_wconf 86' lang='lat' dir='ltr'>deum,</span> <span class='ocrx_word' id='word_1_42' title='bbox 781 541 825 582; x_wconf 88' lang='lat' dir='ltr'>in</span> <span class='ocrx_word' id='word_1_43' title='bbox 850 556 990 596; x_wconf 87' lang='lat' dir='ltr'>poena</span> <span class='ocrx_word' id='word_1_44' title='bbox 1015 555 1151 595; x_wconf 90' lang='lat' dir='ltr'>aeque</span> <span class='ocrx_word' id='word_1_45' title='bbox 1175 541 1285 596; x_wconf 86' lang='lat' dir='ltr'>iugis</span> <span class='ocrx_word' id='word_1_46' title='bbox 1308 541 1430 596; x_wconf 88' lang='lat' dir='ltr'>ignis,</span> <span class='ocrx_word' id='word_1_47' title='bbox 1458 540 1668 581; x_wconf 75' lang='lat' dir='ltr'>habentes</span> <span class='ocrx_word' id='word_1_48' title='bbox 1689 553 1708 583; x_wconf 88' lang='lat'><strong>5</strong></span> 
     </span>
     <span class='ocr_line' id='line_1_7' title="bbox 130 619 1666 673; baseline 0.001 -14"><span class='ocrx_word' id='word_1_49' title='bbox 130 633 182 659; x_wconf 76' lang='lat' dir='ltr'>ex</span> <span class='ocrx_word' id='word_1_50' title='bbox 222 619 315 673; x_wconf 88' lang='lat' dir='ltr'>ipsa</span> <span class='ocrx_word' id='word_1_51' title='bbox 355 626 512 662; x_wconf 87' lang='lat' dir='ltr'>natura</span> <span class='ocrx_word' id='word_1_52' title='bbox 554 622 643 662; x_wconf 87' lang='lat' dir='ltr'>eius</span> <span class='ocrx_word' id='word_1_53' title='bbox 683 622 877 662; x_wconf 85' lang='lat' dir='ltr'>diuinam</span> <span class='ocrx_word' id='word_1_54' title='bbox 918 622 1079 662; x_wconf 89' lang='lat' dir='ltr'>scilicet</span> <span class='ocrx_word' id='word_1_55' title='bbox 1119 621 1565 662; x_wconf 82' lang='lat' dir='ltr'>subministrationem</span> <span class='ocrx_word' id='word_1_56' title='bbox 1604 621 1666 661; x_wconf 89' lang='lat' dir='ltr'>in-</span> 
     </span>
     <span class='ocr_line' id='line_1_8' title="bbox 130 700 1669 759; baseline 0 -20"><span class='ocrx_word' id='word_1_57' title='bbox 130 701 518 754; x_wconf 80' lang='lat' dir='ltr'>corruptibilitatis.</span> <span class='ocrx_word' id='word_1_58' title='bbox 579 702 809 743; x_wconf 86' lang='lat' dir='ltr'>Nouerunt</span> <span class='ocrx_word' id='word_1_59' title='bbox 841 708 884 743; x_wconf 91' lang='lat' dir='ltr'>et</span> <span class='ocrx_word' id='word_1_60' title='bbox 916 703 1160 759; x_wconf 88' lang='lat' dir='ltr'>philosophi</span> <span class='ocrx_word' id='word_1_61' title='bbox 1192 703 1491 745; x_wconf 86' lang='lat' dir='ltr'>diuersitatem</span> <span class='ocrx_word' id='word_1_62' title='bbox 1524 700 1669 741; x_wconf 89' lang='lat' dir='ltr'>arcani</span> 
     </span>
     <span class='ocr_line' id='line_1_9' title="bbox 130 780 1669 838; baseline 0.001 -19"><span class='ocrx_word' id='word_1_63' title='bbox 130 785 174 820; x_wconf 91' lang='lat' dir='ltr'>et</span> <span class='ocrx_word' id='word_1_64' title='bbox 207 780 367 833; x_wconf 79' lang='lat' dir='ltr'>publici</span> <span class='ocrx_word' id='word_1_65' title='bbox 400 781 521 835; x_wconf 91' lang='lat' dir='ltr'>ignis.</span> <span class='ocrx_word' id='word_1_66' title='bbox 582 782 654 822; x_wconf 87' lang='lat' dir='ltr'>Ita</span> <span class='ocrx_word' id='word_1_67' title='bbox 686 782 811 837; x_wconf 85' lang='lat' dir='ltr'>longe</span> <span class='ocrx_word' id='word_1_68' title='bbox 844 783 953 823; x_wconf 86' lang='lat' dir='ltr'>alius</span> <span class='ocrx_word' id='word_1_69' title='bbox 986 789 1051 824; x_wconf 91' lang='lat' dir='ltr'>est</span> <span class='ocrx_word' id='word_1_70' title='bbox 1084 784 1158 838; x_wconf 92' lang='lat' dir='ltr'>qui</span> <span class='ocrx_word' id='word_1_71' title='bbox 1191 783 1287 824; x_wconf 91' lang='lat' dir='ltr'>usui</span> <span class='ocrx_word' id='word_1_72' title='bbox 1320 783 1525 829; x_wconf 90' lang='lat' dir='ltr'>humano,</span> <span class='ocrx_word' id='word_1_73' title='bbox 1561 780 1669 821; x_wconf 88' lang='lat' dir='ltr'>alius</span> 
     </span>
     <span class='ocr_line' id='line_1_10' title="bbox 131 860 1669 917; baseline 0.001 -18"><span class='ocrx_word' id='word_1_74' title='bbox 131 860 205 913; x_wconf 88' lang='lat' dir='ltr'>qui</span> <span class='ocrx_word' id='word_1_75' title='bbox 236 860 392 901; x_wconf 89' lang='lat' dir='ltr'>iudicio</span> <span class='ocrx_word' id='word_1_76' title='bbox 425 862 493 902; x_wconf 90' lang='lat' dir='ltr'>dei</span> <span class='ocrx_word' id='word_1_77' title='bbox 524 868 719 917; x_wconf 86' lang='lat' dir='ltr'>apparet,</span> <span class='ocrx_word' id='word_1_78' title='bbox 753 863 843 904; x_wconf 92' lang='lat' dir='ltr'>siue</span> <span class='ocrx_word' id='word_1_79' title='bbox 874 863 927 904; x_wconf 91' lang='lat' dir='ltr'>de</span> <span class='ocrx_word' id='word_1_80' title='bbox 958 865 1075 905; x_wconf 91' lang='grc'>63610</span> <span class='ocrx_word' id='word_1_81' title='bbox 1107 864 1288 905; x_wconf 80' lang='lat' dir='ltr'>fulmina</span> <span class='ocrx_word' id='word_1_82' title='bbox 1320 864 1545 917; x_wconf 86' lang='lat' dir='ltr'>stringens,</span> <span class='ocrx_word' id='word_1_83' title='bbox 1579 862 1669 902; x_wconf 89' lang='lat' dir='ltr'>siue</span> 
     </span>
     <span class='ocr_line' id='line_1_11' title="bbox 131 938 1735 994; baseline 0.001 -16"><span class='ocrx_word' id='word_1_84' title='bbox 131 938 184 978; x_wconf 92' lang='lat' dir='ltr'>de</span> <span class='ocrx_word' id='word_1_85' title='bbox 218 944 331 980; x_wconf 88' lang='lat' dir='ltr'>terra</span> <span class='ocrx_word' id='word_1_86' title='bbox 364 955 440 994; x_wconf 87' lang='lat' dir='ltr'>per</span> <span class='ocrx_word' id='word_1_87' title='bbox 472 942 654 983; x_wconf 88' lang='lat' dir='ltr'>uertices</span> <span class='ocrx_word' id='word_1_88' title='bbox 688 943 904 984; x_wconf 89' lang='lat' dir='ltr'>montium</span> <span class='ocrx_word' id='word_1_89' title='bbox 938 949 1160 994; x_wconf 88' lang='lat' dir='ltr'>eructans;</span> <span class='ocrx_word' id='word_1_90' title='bbox 1210 958 1298 985; x_wconf 91' lang='lat' dir='ltr'>non</span> <span class='ocrx_word' id='word_1_91' title='bbox 1332 943 1442 983; x_wconf 89' lang='lat' dir='ltr'>enim</span> <span class='ocrx_word' id='word_1_92' title='bbox 1479 941 1670 982; x_wconf 83' lang='lat' dir='ltr'>absumit</span> <span class='ocrx_word' id='word_1_93' title='bbox 1692 957 1735 978; x_wconf 93' lang='lat'>10</span> 
     </span>
     <span class='ocr_line' id='line_1_12' title="bbox 131 1020 1671 1078; baseline 0.001 -19"><span class='ocrx_word' id='word_1_94' title='bbox 131 1020 249 1073; x_wconf 90' lang='lat' dir='ltr'>quod</span> <span class='ocrx_word' id='word_1_95' title='bbox 279 1021 432 1070; x_wconf 81' lang='lat' dir='ltr'>exurit,</span> <span class='ocrx_word' id='word_1_96' title='bbox 464 1022 539 1062; x_wconf 89' lang='lat' dir='ltr'>sed</span> <span class='ocrx_word' id='word_1_97' title='bbox 568 1022 673 1062; x_wconf 90' lang='lat' dir='ltr'>dum</span> <span class='ocrx_word' id='word_1_98' title='bbox 702 1029 864 1078; x_wconf 81' lang='lat' dir='ltr'>erogat,</span> <span class='ocrx_word' id='word_1_99' title='bbox 894 1030 1081 1078; x_wconf 85' lang='lat' dir='ltr'>reparat.</span> <span class='ocrx_word' id='word_1_100' title='bbox 1142 1024 1262 1065; x_wconf 89' lang='lat' dir='ltr'>Adeo</span> <span class='ocrx_word' id='word_1_101' title='bbox 1291 1027 1471 1064; x_wconf 87' lang='lat' dir='ltr'>manent</span> <span class='ocrx_word' id='word_1_102' title='bbox 1500 1026 1671 1062; x_wconf 85' lang='lat' dir='ltr'>montes</span> 
     </span>
     <span class='ocr_line' id='line_1_13' title="bbox 131 1101 1669 1160; baseline 0.001 -21"><span class='ocrx_word' id='word_1_103' title='bbox 131 1114 299 1154; x_wconf 87' lang='lat' dir='ltr'>semper</span> <span class='ocrx_word' id='word_1_104' title='bbox 325 1103 537 1153; x_wconf 88' lang='lat' dir='ltr'>ardentes,</span> <span class='ocrx_word' id='word_1_105' title='bbox 569 1109 612 1145; x_wconf 87' lang='lat' dir='ltr'>et</span> <span class='ocrx_word' id='word_1_106' title='bbox 638 1104 712 1158; x_wconf 91' lang='lat' dir='ltr'>qui</span> <span class='ocrx_word' id='word_1_107' title='bbox 739 1105 792 1145; x_wconf 91' lang='lat' dir='ltr'>de</span> <span class='ocrx_word' id='word_1_108' title='bbox 819 1105 935 1146; x_wconf 85' lang='grc'>63610</span> <span class='ocrx_word' id='word_1_109' title='bbox 962 1106 1169 1160; x_wconf 81' lang='lat' dir='ltr'>tangitur,</span> <span class='ocrx_word' id='word_1_110' title='bbox 1198 1105 1343 1146; x_wconf 89' lang='lat' dir='ltr'>saluus</span> <span class='ocrx_word' id='word_1_111' title='bbox 1371 1108 1448 1152; x_wconf 85' lang='lat' dir='ltr'>est,</span> <span class='ocrx_word' id='word_1_112' title='bbox 1476 1108 1527 1143; x_wconf 89' lang='lat' dir='ltr'>ut</span> <span class='ocrx_word' id='word_1_113' title='bbox 1552 1101 1669 1142; x_wconf 91' lang='lat' dir='ltr'>nullo</span> 
     </span>
     <span class='ocr_line' id='line_1_14' title="bbox 129 1181 1668 1239; baseline 0.001 -18"><span class='ocrx_word' id='word_1_114' title='bbox 129 1181 218 1221; x_wconf 90' lang='lat' dir='ltr'>iam</span> <span class='ocrx_word' id='word_1_115' title='bbox 246 1182 332 1237; x_wconf 89' lang='lat' dir='ltr'>igni</span> <span class='ocrx_word' id='word_1_116' title='bbox 361 1184 664 1226; x_wconf 80' lang='lat' dir='ltr'>decinerescat.</span> <span class='ocrx_word' id='word_1_117' title='bbox 724 1186 784 1227; x_wconf 86' lang='lat' dir='ltr'>Et</span> <span class='ocrx_word' id='word_1_118' title='bbox 812 1186 892 1227; x_wconf 91' lang='grc'>1106</span> <span class='ocrx_word' id='word_1_119' title='bbox 921 1187 1002 1227; x_wconf 90' lang='lat' dir='ltr'>erit</span> <span class='ocrx_word' id='word_1_120' title='bbox 1028 1186 1328 1227; x_wconf 89' lang='lat' dir='ltr'>testimonium</span> <span class='ocrx_word' id='word_1_121' title='bbox 1355 1184 1465 1239; x_wconf 89' lang='lat' dir='ltr'>ignis</span> <span class='ocrx_word' id='word_1_122' title='bbox 1492 1184 1668 1232; x_wconf 88' lang='lat' dir='ltr'>aeterni,</span> 
     </span>
     <span class='ocr_line' id='line_1_15' title="bbox 133 1261 1672 1320; baseline 0.001 -19"><span class='ocrx_word' id='word_1_123' title='bbox 133 1261 211 1302; x_wconf 86' lang='grc'>1106</span> <span class='ocrx_word' id='word_1_124' title='bbox 232 1264 477 1317; x_wconf 77' lang='lat' dir='ltr'>exemplum</span> <span class='ocrx_word' id='word_1_125' title='bbox 496 1265 605 1319; x_wconf 88' lang='lat' dir='ltr'>iugis</span> <span class='ocrx_word' id='word_1_126' title='bbox 623 1265 768 1306; x_wconf 90' lang='lat' dir='ltr'>iudicii</span> <span class='ocrx_word' id='word_1_127' title='bbox 788 1281 973 1320; x_wconf 89' lang='lat' dir='ltr'>poenam</span> <span class='ocrx_word' id='word_1_128' title='bbox 991 1266 1236 1307; x_wconf 85' lang='lat' dir='ltr'>nutrientis.</span> <span class='ocrx_word' id='word_1_129' title='bbox 1297 1265 1467 1306; x_wconf 89' lang='lat' dir='ltr'>Montes</span> <span class='ocrx_word' id='word_1_130' title='bbox 1486 1269 1672 1304; x_wconf 88' lang='lat' dir='ltr'>uruntur</span> 
     </span>
     <span class='ocr_line' id='line_1_16' title="bbox 132 1343 1735 1394; baseline 0.005 -11"><span class='ocrx_word' id='word_1_131' title='bbox 132 1348 177 1383; x_wconf 82' lang='lat' dir='ltr'>et</span> <span class='ocrx_word' id='word_1_132' title='bbox 197 1343 370 1385; x_wconf 87' lang='lat' dir='ltr'>durant.</span> <span class='ocrx_word' id='word_1_133' title='bbox 432 1345 545 1394; x_wconf 81' lang='lat' dir='ltr'>Quid</span> <span class='ocrx_word' id='word_1_134' title='bbox 565 1352 770 1387; x_wconf 90' lang='lat' dir='ltr'>nocentes</span> <span class='ocrx_word' id='word_1_135' title='bbox 792 1352 835 1388; x_wconf 92' lang='lat' dir='ltr'>et</span> <span class='ocrx_word' id='word_1_136' title='bbox 856 1347 923 1388; x_wconf 87' lang='lat' dir='ltr'>dei</span> <span class='ocrx_word' id='word_1_137' title='bbox 945 1348 1116 1388; x_wconf 66' lang='lat' dir='ltr'>hostes?</span> <span class='ocrx_word' id='word_1_138' title='bbox 1694 1360 1735 1391; x_wconf 86' lang='lat'>15</span> 
     </span>
    </p>
   </div>
   <div class='ocr_carea' id='block_1_4' title="bbox 132 1485 1742 2665">
    <p class='ocr_par' dir='ltr' id='par_1_4' title="bbox 132 1485 1742 2665">
     <span class='ocr_line' id='line_1_17' title="bbox 217 1485 1670 1543; baseline 0.001 -18"><span class='ocrx_word' id='word_1_139' title='bbox 217 1485 290 1526; x_wconf 87' lang='lat'>49.</span> <span class='ocrx_word' id='word_1_140' title='bbox 349 1486 445 1526; x_wconf 89' lang='lat' dir='ltr'>Hae</span> <span class='ocrx_word' id='word_1_141' title='bbox 466 1493 569 1528; x_wconf 88' lang='lat' dir='ltr'>sunt</span> <span class='ocrx_word' id='word_1_142' title='bbox 590 1503 701 1542; x_wconf 87' lang='lat' dir='ltr'>quae</span> <span class='ocrx_word' id='word_1_143' title='bbox 720 1488 765 1528; x_wconf 90' lang='lat' dir='ltr'>in</span> <span class='ocrx_word' id='word_1_144' title='bbox 785 1489 910 1529; x_wconf 89' lang='lat' dir='ltr'>nobis</span> <span class='ocrx_word' id='word_1_145' title='bbox 930 1489 1030 1529; x_wconf 90' lang='lat' dir='ltr'>solis</span> <span class='ocrx_word' id='word_1_146' title='bbox 1050 1488 1424 1543; x_wconf 87' lang='lat' dir='ltr'>praesumptiones</span> <span class='ocrx_word' id='word_1_147' title='bbox 1444 1491 1670 1535; x_wconf 82' lang='lat' dir='ltr'>uocantur,</span> 
     </span>
     <span class='ocr_line' id='line_1_18' title="bbox 132 1563 1670 1622; baseline 0.001 -18"><span class='ocrx_word' id='word_1_148' title='bbox 132 1563 178 1604; x_wconf 90' lang='lat' dir='ltr'>in</span> <span class='ocrx_word' id='word_1_149' title='bbox 207 1565 473 1620; x_wconf 88' lang='lat' dir='ltr'>philosophis</span> <span class='ocrx_word' id='word_1_150' title='bbox 503 1572 547 1608; x_wconf 92' lang='lat' dir='ltr'>et</span> <span class='ocrx_word' id='word_1_151' title='bbox 576 1568 716 1621; x_wconf 77' lang='lat' dir='ltr'>poetis</span> <span class='ocrx_word' id='word_1_152' title='bbox 745 1582 940 1608; x_wconf 91' lang='lat' dir='ltr'>summae</span> <span class='ocrx_word' id='word_1_153' title='bbox 969 1568 1173 1609; x_wconf 89' lang='lat' dir='ltr'>scientiae</span> <span class='ocrx_word' id='word_1_154' title='bbox 1204 1573 1247 1608; x_wconf 88' lang='lat' dir='ltr'>et</span> <span class='ocrx_word' id='word_1_155' title='bbox 1275 1567 1458 1622; x_wconf 84' lang='lat' dir='ltr'>insignia</span> <span class='ocrx_word' id='word_1_156' title='bbox 1487 1566 1670 1620; x_wconf 88' lang='lat' dir='ltr'>ingenia.</span> 
     </span>
     <span class='ocr_line' id='line_1_19' title="bbox 134 1643 1672 1701; baseline 0.001 -18"><span class='ocrx_word' id='word_1_157' title='bbox 134 1643 201 1683; x_wconf 92' lang='lat' dir='ltr'>Illi</span> <span class='ocrx_word' id='word_1_158' title='bbox 228 1645 475 1698; x_wconf 83' lang='lat' dir='ltr'>prudentes,</span> <span class='ocrx_word' id='word_1_159' title='bbox 505 1661 583 1687; x_wconf 92' lang='lat' dir='ltr'>nos</span> <span class='ocrx_word' id='word_1_160' title='bbox 608 1647 767 1701; x_wconf 73' lang='lat' dir='ltr'>inepti3</span> <span class='ocrx_word' id='word_1_161' title='bbox 811 1647 871 1688; x_wconf 91' lang='lat' dir='ltr'>illi</span> <span class='ocrx_word' id='word_1_162' title='bbox 898 1647 1152 1697; x_wconf 85' lang='lat' dir='ltr'>honorandi,</span> <span class='ocrx_word' id='word_1_163' title='bbox 1180 1661 1259 1687; x_wconf 92' lang='lat' dir='ltr'>nos</span> <span class='ocrx_word' id='word_1_164' title='bbox 1284 1646 1511 1695; x_wconf 90' lang='lat' dir='ltr'>inridendi,</span> <span class='ocrx_word' id='word_1_165' title='bbox 1539 1646 1672 1686; x_wconf 88' lang='lat' dir='ltr'>immo</span> 
     </span>
     <span class='ocr_line' id='line_1_20' title="bbox 133 1725 1673 1781; baseline 0.002 -18"><span class='ocrx_word' id='word_1_166' title='bbox 133 1737 182 1764; x_wconf 92' lang='grc'>60</span> <span class='ocrx_word' id='word_1_167' title='bbox 223 1725 408 1779; x_wconf 86' lang='lat' dir='ltr'>amplius</span> <span class='ocrx_word' id='word_1_168' title='bbox 449 1732 492 1766; x_wconf 90' lang='lat' dir='ltr'>et</span> <span class='ocrx_word' id='word_1_169' title='bbox 531 1727 751 1780; x_wconf 89' lang='lat' dir='ltr'>puniendi.</span> <span class='ocrx_word' id='word_1_170' title='bbox 812 1728 939 1768; x_wconf 86' lang='lat' dir='ltr'>Falsa</span> <span class='ocrx_word' id='word_1_171' title='bbox 978 1741 1093 1768; x_wconf 89' lang='lat' dir='ltr'>nunc</span> <span class='ocrx_word' id='word_1_172' title='bbox 1132 1727 1220 1768; x_wconf 89' lang='lat' dir='ltr'>sint</span> <span class='ocrx_word' id='word_1_173' title='bbox 1260 1741 1371 1781; x_wconf 90' lang='grc'>(11136</span> <span class='ocrx_word' id='word_1_174' title='bbox 1410 1731 1590 1767; x_wconf 89' lang='lat' dir='ltr'>tuentur</span> <span class='ocrx_word' id='word_1_175' title='bbox 1630 1732 1673 1766; x_wconf 91' lang='lat' dir='ltr'>et</span> 
     </span>
     <span class='ocr_line' id='line_1_21' title="bbox 134 1804 1739 1861; baseline 0.002 -19"><span class='ocrx_word' id='word_1_176' title='bbox 134 1804 287 1844; x_wconf 86' lang='lat' dir='ltr'>merito</span> <span class='ocrx_word' id='word_1_177' title='bbox 335 1807 644 1860; x_wconf 86' lang='lat' dir='ltr'>praesumptio,</span> <span class='ocrx_word' id='word_1_178' title='bbox 695 1812 893 1848; x_wconf 87' lang='lat' dir='ltr'>attamen</span> <span class='ocrx_word' id='word_1_179' title='bbox 939 1807 1199 1857; x_wconf 74' lang='lat' dir='ltr'>necessaria3</span> <span class='ocrx_word' id='word_1_180' title='bbox 1264 1807 1425 1861; x_wconf 82' lang='lat' dir='ltr'>inepta,</span> <span class='ocrx_word' id='word_1_181' title='bbox 1476 1812 1673 1847; x_wconf 86' lang='lat' dir='ltr'>attamen</span> <span class='ocrx_word' id='word_1_182' title='bbox 1693 1824 1739 1846; x_wconf 84' lang='lat'>20</span> 
     </span>
     <span class='ocr_line' id='line_1_22' title="bbox 135 1884 1674 1942; baseline 0.002 -19"><span class='ocrx_word' id='word_1_183' title='bbox 135 1884 280 1933; x_wconf 85' lang='lat' dir='ltr'>utilia;</span> <span class='ocrx_word' id='word_1_184' title='bbox 319 1885 532 1939; x_wconf 79' lang='lat' dir='ltr'>siquidem</span> <span class='ocrx_word' id='word_1_185' title='bbox 560 1888 756 1928; x_wconf 87' lang='lat' dir='ltr'>meliores</span> <span class='ocrx_word' id='word_1_186' title='bbox 783 1888 873 1928; x_wconf 87' lang='lat' dir='ltr'>fieri</span> <span class='ocrx_word' id='word_1_187' title='bbox 902 1893 1115 1942; x_wconf 87' lang='lat' dir='ltr'>coguntur</span> <span class='ocrx_word' id='word_1_188' title='bbox 1142 1887 1215 1942; x_wconf 89' lang='lat' dir='ltr'>qui</span> <span class='ocrx_word' id='word_1_189' title='bbox 1243 1887 1301 1927; x_wconf 90' lang='lat' dir='ltr'>eis</span> <span class='ocrx_word' id='word_1_190' title='bbox 1329 1887 1523 1936; x_wconf 89' lang='lat' dir='ltr'>credunt,</span> <span class='ocrx_word' id='word_1_191' title='bbox 1552 1891 1674 1926; x_wconf 86' lang='lat' dir='ltr'>metu</span> 
     </span>
     <span class='ocr_line' id='line_1_23' title="bbox 135 1955 1675 2023; baseline 0.001 -19"><span class='ocrx_word' id='word_1_192' title='bbox 135 1966 298 2005; x_wconf 87' lang='lat' dir='ltr'>aeterni</span> <span class='ocrx_word' id='word_1_193' title='bbox 327 1955 524 2021; x_wconf 86' lang='lat' dir='ltr'>supplicii</span> <span class='ocrx_word' id='word_1_194' title='bbox 553 1973 597 2009; x_wconf 91' lang='lat' dir='ltr'>et</span> <span class='ocrx_word' id='word_1_195' title='bbox 624 1983 699 2022; x_wconf 87' lang='lat' dir='ltr'>spe</span> <span class='ocrx_word' id='word_1_196' title='bbox 727 1969 891 2009; x_wconf 89' lang='lat' dir='ltr'>aeterni</span> <span class='ocrx_word' id='word_1_197' title='bbox 919 1969 1136 2023; x_wconf 75' lang='lat' dir='ltr'>refrigerii.</span> <span class='ocrx_word' id='word_1_198' title='bbox 1197 1969 1355 2022; x_wconf 87' lang='lat' dir='ltr'>Itaque</span> <span class='ocrx_word' id='word_1_199' title='bbox 1382 1982 1469 2008; x_wconf 91' lang='lat' dir='ltr'>non</span> <span class='ocrx_word' id='word_1_200' title='bbox 1498 1966 1675 2021; x_wconf 80' lang='lat' dir='ltr'>expedit</span> 
     </span>
     <span class='ocr_line' id='line_1_24' title="bbox 135 2045 1674 2103; baseline 0.001 -18"><span class='ocrx_word' id='word_1_201' title='bbox 135 2045 244 2086; x_wconf 79' lang='lat' dir='ltr'>falsa</span> <span class='ocrx_word' id='word_1_202' title='bbox 265 2047 348 2087; x_wconf 90' lang='lat' dir='ltr'>dici</span> <span class='ocrx_word' id='word_1_203' title='bbox 368 2062 446 2087; x_wconf 92' lang='lat' dir='ltr'>nec</span> <span class='ocrx_word' id='word_1_204' title='bbox 465 2048 614 2102; x_wconf 88' lang='lat' dir='ltr'>inepta</span> <span class='ocrx_word' id='word_1_205' title='bbox 635 2049 783 2089; x_wconf 87' lang='lat' dir='ltr'>haberi</span> <span class='ocrx_word' id='word_1_206' title='bbox 805 2064 916 2103; x_wconf 87' lang='lat' dir='ltr'>quae</span> <span class='ocrx_word' id='word_1_207' title='bbox 937 2049 1113 2103; x_wconf 73' lang='lat' dir='ltr'>expedit</span> <span class='ocrx_word' id='word_1_208' title='bbox 1134 2063 1234 2089; x_wconf 85' lang='lat' dir='ltr'>uera</span> <span class='ocrx_word' id='word_1_209' title='bbox 1255 2048 1484 2102; x_wconf 89' lang='lat' dir='ltr'>praesumi.</span> <span class='ocrx_word' id='word_1_210' title='bbox 1545 2047 1674 2088; x_wconf 91' lang='lat' dir='ltr'>Nullo</span> 
     </span>
     <span class='ocr_line' id='line_1_25' title="bbox 135 2126 1675 2184; baseline 0.003 -19"><span class='ocrx_word' id='word_1_211' title='bbox 135 2126 264 2167; x_wconf 87' lang='lat' dir='ltr'>titulo</span> <span class='ocrx_word' id='word_1_212' title='bbox 305 2127 501 2169; x_wconf 88' lang='lat' dir='ltr'>damnari</span> <span class='ocrx_word' id='word_1_213' title='bbox 540 2129 641 2170; x_wconf 92' lang='grc'>116613</span> <span class='ocrx_word' id='word_1_214' title='bbox 680 2130 855 2170; x_wconf 82' lang='grc'>0111111110</span> <span class='ocrx_word' id='word_1_215' title='bbox 888 2144 999 2184; x_wconf 89' lang='lat' dir='ltr'>quae</span> <span class='ocrx_word' id='word_1_216' title='bbox 1030 2134 1226 2184; x_wconf 88' lang='lat' dir='ltr'>prosunt.</span> <span class='ocrx_word' id='word_1_217' title='bbox 1286 2130 1339 2170; x_wconf 87' lang='lat' dir='ltr'>In</span> <span class='ocrx_word' id='word_1_218' title='bbox 1371 2129 1495 2169; x_wconf 90' lang='lat' dir='ltr'>uobis</span> <span class='ocrx_word' id='word_1_219' title='bbox 1526 2129 1675 2183; x_wconf 88' lang='lat' dir='ltr'>itaque</span> 
     </span>
     <span class='ocr_line' id='line_1_26' title="bbox 135 2209 1739 2265; baseline 0.001 -18"><span class='ocrx_word' id='word_1_220' title='bbox 135 2209 431 2262; x_wconf 86' lang='lat' dir='ltr'>praesumptio</span> <span class='ocrx_word' id='word_1_221' title='bbox 465 2215 530 2250; x_wconf 90' lang='lat' dir='ltr'>est</span> <span class='ocrx_word' id='word_1_222' title='bbox 562 2210 667 2250; x_wconf 89' lang='lat' dir='ltr'>haec</span> <span class='ocrx_word' id='word_1_223' title='bbox 698 2211 792 2265; x_wconf 89' lang='lat' dir='ltr'>ipsa</span> <span class='ocrx_word' id='word_1_224' title='bbox 825 2225 936 2265; x_wconf 88' lang='lat' dir='ltr'>quae</span> <span class='ocrx_word' id='word_1_225' title='bbox 968 2211 1151 2251; x_wconf 87' lang='lat' dir='ltr'>damnat</span> <span class='ocrx_word' id='word_1_226' title='bbox 1184 2210 1319 2251; x_wconf 86' lang='lat' dir='ltr'>utilia.</span> <span class='ocrx_word' id='word_1_227' title='bbox 1380 2209 1565 2250; x_wconf 86' lang='lat' dir='ltr'>Proinde</span> <span class='ocrx_word' id='word_1_228' title='bbox 1597 2223 1675 2250; x_wconf 87' lang='lat' dir='ltr'>nec</span> <span class='ocrx_word' id='word_1_229' title='bbox 1696 2226 1739 2256; x_wconf 82' lang='lat'>25</span> 
     </span>
     <span class='ocr_line' id='line_1_27' title="bbox 136 2288 1672 2345; baseline 0.002 -18"><span class='ocrx_word' id='word_1_230' title='bbox 136 2288 286 2341; x_wconf 88' lang='lat' dir='ltr'>inepta</span> <span class='ocrx_word' id='word_1_231' title='bbox 304 2303 393 2329; x_wconf 86' lang='lat' dir='ltr'>esse</span> <span class='ocrx_word' id='word_1_232' title='bbox 410 2297 613 2343; x_wconf 69' lang='lat' dir='ltr'>possuntg</span> <span class='ocrx_word' id='word_1_233' title='bbox 649 2297 763 2332; x_wconf 88' lang='lat' dir='ltr'>certe</span> <span class='ocrx_word' id='word_1_234' title='bbox 781 2292 859 2332; x_wconf 88' lang='lat' dir='ltr'>etsi</span> <span class='ocrx_word' id='word_1_235' title='bbox 876 2292 985 2332; x_wconf 79' lang='lat' dir='ltr'>falsa</span> <span class='ocrx_word' id='word_1_236' title='bbox 1003 2297 1046 2332; x_wconf 90' lang='lat' dir='ltr'>et</span> <span class='ocrx_word' id='word_1_237' title='bbox 1061 2291 1223 2345; x_wconf 87' lang='lat' dir='ltr'>inepta,</span> <span class='ocrx_word' id='word_1_238' title='bbox 1242 2291 1347 2331; x_wconf 90' lang='lat' dir='ltr'>nulli</span> <span class='ocrx_word' id='word_1_239' title='bbox 1365 2296 1513 2331; x_wconf 89' lang='lat' dir='ltr'>tamen</span> <span class='ocrx_word' id='word_1_240' title='bbox 1529 2291 1672 2331; x_wconf 78' lang='lat' dir='ltr'>noxia.</span> 
     </span>
     <span class='ocr_line' id='line_1_28' title="bbox 139 2367 1675 2425; baseline 0.002 -18"><span class='ocrx_word' id='word_1_241' title='bbox 139 2367 253 2407; x_wconf 87' lang='lat' dir='ltr'>Nam</span> <span class='ocrx_word' id='word_1_242' title='bbox 275 2374 318 2409; x_wconf 91' lang='lat' dir='ltr'>et</span> <span class='ocrx_word' id='word_1_243' title='bbox 337 2370 485 2410; x_wconf 88' lang='lat' dir='ltr'>multis</span> <span class='ocrx_word' id='word_1_244' title='bbox 506 2371 597 2411; x_wconf 89' lang='lat' dir='ltr'>aliis</span> <span class='ocrx_word' id='word_1_245' title='bbox 618 2371 772 2412; x_wconf 86' lang='lat' dir='ltr'>similia</span> <span class='ocrx_word' id='word_1_246' title='bbox 793 2372 950 2425; x_wconf 90' lang='lat' dir='ltr'>quibus</span> <span class='ocrx_word' id='word_1_247' title='bbox 969 2372 1109 2412; x_wconf 90' lang='lat' dir='ltr'>nullas</span> <span class='ocrx_word' id='word_1_248' title='bbox 1129 2385 1290 2425; x_wconf 91' lang='lat' dir='ltr'>poenas</span> <span class='ocrx_word' id='word_1_249' title='bbox 1309 2371 1529 2425; x_wconf 86' lang='lat' dir='ltr'>inrogatis,</span> <span class='ocrx_word' id='word_1_250' title='bbox 1552 2370 1675 2411; x_wconf 89' lang='lat' dir='ltr'>uanis</span> 
     </span>
     <span class='ocr_line' id='line_1_29' title="bbox 139 2446 1673 2505; baseline 0.002 -19"><span class='ocrx_word' id='word_1_251' title='bbox 139 2451 184 2486; x_wconf 92' lang='lat' dir='ltr'>et</span> <span class='ocrx_word' id='word_1_252' title='bbox 227 2446 446 2495; x_wconf 79' lang='lat' dir='ltr'>fabulosis,</span> <span class='ocrx_word' id='word_1_253' title='bbox 492 2449 752 2491; x_wconf 87' lang='lat' dir='ltr'>inaccusatis</span> <span class='ocrx_word' id='word_1_254' title='bbox 797 2456 841 2491; x_wconf 91' lang='lat' dir='ltr'>et</span> <span class='ocrx_word' id='word_1_255' title='bbox 883 2451 1106 2505; x_wconf 83' lang='lat' dir='ltr'>inpunitis,</span> <span class='ocrx_word' id='word_1_256' title='bbox 1153 2456 1204 2491; x_wconf 87' lang='lat' dir='ltr'>ut</span> <span class='ocrx_word' id='word_1_257' title='bbox 1246 2451 1444 2491; x_wconf 77' lang='lat' dir='ltr'>innoxiis</span> <span class='ocrx_word' id='word_1_258' title='bbox 1506 2450 1589 2491; x_wconf 80' lang='lat' dir='ltr'>Sed</span> <span class='ocrx_word' id='word_1_259' title='bbox 1631 2450 1673 2490; x_wconf 88' lang='lat' dir='ltr'>in</span> 
     </span>
     <span class='ocr_line' id='line_1_30' title="bbox 141 2526 1676 2584; baseline 0.003 -19"><span class='ocrx_word' id='word_1_260' title='bbox 141 2526 350 2567; x_wconf 87' lang='lat' dir='ltr'>eiusmodi</span> <span class='ocrx_word' id='word_1_261' title='bbox 383 2529 508 2573; x_wconf 79' lang='lat' dir='ltr'>enim,</span> <span class='ocrx_word' id='word_1_262' title='bbox 542 2530 576 2570; x_wconf 90' lang='lat' dir='ltr'>si</span> <span class='ocrx_word' id='word_1_263' title='bbox 608 2531 771 2584; x_wconf 86' lang='lat' dir='ltr'>utique,</span> <span class='ocrx_word' id='word_1_264' title='bbox 804 2531 953 2571; x_wconf 88' lang='lat' dir='ltr'>inrisui</span> <span class='ocrx_word' id='word_1_265' title='bbox 984 2531 1265 2572; x_wconf 90' lang='lat' dir='ltr'>iudicandum</span> <span class='ocrx_word' id='word_1_266' title='bbox 1297 2536 1374 2580; x_wconf 88' lang='lat' dir='ltr'>est,</span> <span class='ocrx_word' id='word_1_267' title='bbox 1407 2545 1495 2570; x_wconf 90' lang='lat' dir='ltr'>non</span> <span class='ocrx_word' id='word_1_268' title='bbox 1525 2529 1676 2584; x_wconf 85' lang='lat' dir='ltr'>gladiis</span> 
     </span>
     <span class='ocr_line' id='line_1_31' title="bbox 142 2607 1742 2665; baseline 0.001 -19"><span class='ocrx_word' id='word_1_269' title='bbox 142 2611 186 2646; x_wconf 93' lang='grc'>613</span> <span class='ocrx_word' id='word_1_270' title='bbox 205 2607 375 2660; x_wconf 88' lang='lat' dir='ltr'>ignibus</span> <span class='ocrx_word' id='word_1_271' title='bbox 398 2613 439 2648; x_wconf 92' lang='lat' dir='ltr'>et</span> <span class='ocrx_word' id='word_1_272' title='bbox 461 2609 657 2650; x_wconf 82' lang='lat' dir='ltr'>crucibus</span> <span class='ocrx_word' id='word_1_273' title='bbox 680 2616 723 2650; x_wconf 90' lang='lat' dir='ltr'>et</span> <span class='ocrx_word' id='word_1_274' title='bbox 743 2611 904 2659; x_wconf 90' lang='lat' dir='ltr'>bestiis,</span> <span class='ocrx_word' id='word_1_275' title='bbox 929 2611 981 2651; x_wconf 92' lang='lat' dir='ltr'>de</span> <span class='ocrx_word' id='word_1_276' title='bbox 1003 2626 1089 2665; x_wconf 89' lang='grc'>(1113</span> <span class='ocrx_word' id='word_1_277' title='bbox 1109 2611 1342 2664; x_wconf 87' lang='lat' dir='ltr'>iniquitate</span> <span class='ocrx_word' id='word_1_278' title='bbox 1362 2610 1569 2650; x_wconf 84' lang='lat' dir='ltr'>saeuitiae</span> <span class='ocrx_word' id='word_1_279' title='bbox 1589 2623 1675 2649; x_wconf 92' lang='lat' dir='ltr'>non</span> <span class='ocrx_word' id='word_1_280' title='bbox 1698 2624 1742 2654; x_wconf 85' lang='lat'>30</span> 
     </span>
    </p>
   </div>
   <div class='ocr_carea' id='block_1_5' title="bbox 142 2685 1676 2742">
    <p class='ocr_par' dir='ltr' id='par_1_5' title="bbox 142 2685 1676 2742">
     <span class='ocr_line' id='line_1_32' title="bbox 142 2685 1676 2742; baseline 0.003 -19"><span class='ocrx_word' id='word_1_281' title='bbox 142 2685 271 2724; x_wconf 89' lang='lat' dir='ltr'>modo</span> <span class='ocrx_word' id='word_1_282' title='bbox 302 2699 476 2726; x_wconf 84' lang='lat' dir='ltr'>caecum</span> <span class='ocrx_word' id='word_1_283' title='bbox 507 2687 586 2727; x_wconf 92' lang='grc'>1106</span> <span class='ocrx_word' id='word_1_284' title='bbox 617 2688 771 2742; x_wconf 90' lang='lat' dir='ltr'>uulgus</span> <span class='ocrx_word' id='word_1_285' title='bbox 802 2689 993 2729; x_wconf 77' lang='lat' dir='ltr'>exsultat</span> <span class='ocrx_word' id='word_1_286' title='bbox 1021 2694 1066 2730; x_wconf 88' lang='lat' dir='ltr'>et</span> <span class='ocrx_word' id='word_1_287' title='bbox 1094 2689 1289 2738; x_wconf 87' lang='lat' dir='ltr'>insultat,</span> <span class='ocrx_word' id='word_1_288' title='bbox 1321 2689 1396 2729; x_wconf 87' lang='lat' dir='ltr'>sed</span> <span class='ocrx_word' id='word_1_289' title='bbox 1426 2694 1470 2729; x_wconf 91' lang='grc'>613</span> <span class='ocrx_word' id='word_1_290' title='bbox 1499 2687 1676 2742; x_wconf 85' lang='lat' dir='ltr'>quidam</span> 
     </span>
    </p>
   </div>
  </div>
 </body>
</html>
