1827 3004
60 112 101 153 p.
127 100 181 138 22
203 99 229 140 l.
254 99 295 151 6]
544 97 982 139 APOLOGETICVS
1015 99 1052 146 5,
1089 99 1112 138 6
1518 95 1594 134 181

147 227 183 266 p.
208 214 262 252 20
293 212 315 252 1.
340 213 392 253 29
415 223 603 252 CENTVM
626 223 747 252 AERA
770 212 959 253 Saluiam.
983 211 1081 267 gub,
1108 214 1127 251 1
1152 209 1171 266 ἓ
1197 212 1246 251 10
1271 209 1339 249 fin.

144 296 182 336 p.
209 281 308 322 201.
330 283 385 322 30
415 292 648 321 SVBSCRIBI
684 284 734 321 18
767 281 838 322 sed
868 296 919 322 ne
948 281 1100 322 notitia
1130 285 1315 328 uacaret,
1337 278 1410 319 lioc
1442 291 1599 332 quoque

60 366 86 392 a
110 351 137 391 I
138 350 286 392 udaeis
306 350 545 391 Ptolemaeo
567 350 845 404 subscriptum
873 357 942 392 est.
1002 350 1109 405 uirg.
1131 349 1213 390 uel.
1238 351 1291 389 10
1323 348 1425 390 certi
1454 362 1598 387 sumus

57 420 269 475 Spiritum
319 425 510 460 sanctum
562 420 700 473 nia-qis
753 419 954 460 masculis
999 420 1082 460 tale
1127 417 1295 473 aliquid
1345 415 1598 458 subscribere

56 489 248 544 potuisse,
289 489 328 529 si
359 488 544 542 feminis
595 488 913 543 subscripsisset.
988 488 1085 529 idol.
1125 490 1177 528 13
1211 487 1338 542 festis
1379 485 1522 527 diebus
1562 491 1598 526 et
1618 497 1636 528 5

59 558 161 599 aliis
196 558 553 599 eoetraordinariis
592 557 951 605 sollemnitatibus,
994 572 1097 612 quas
1137 556 1349 598 interdum
1397 554 1598 596 lasciuiae

57 627 270 669 interdum
301 626 526 668 timiditati
557 632 723 668 nostrae
753 626 1059 667 subscribimus.

146 711 185 750 p.
209 698 262 737 20
286 696 308 737 Ι.
333 698 383 738 31
409 707 672 736 SAGINATAM
692 695 788 750 pall.
808 699 831 737 5
851 696 874 736 f.
892 695 1144 750 praecidam
1162 695 1452 749 9ulam...qua
1474 693 1596 747 Aufi-

58 766 155 807 dius
176 765 311 806 Lurco
328 765 499 820 primus
519 765 672 819 sayina
690 779 867 819 corpora
888 765 1063 805 uitiauit
1085 769 1122 805 et
1143 763 1295 805 coactis
1316 762 1530 803 alimentis
1551 763 1593 802 in

57 835 346 876 adulterinmn
373 834 567 889 proueaeit
586 849 790 888 saporem.
854 833 979 875 Mart.
1002 844 1089 873 XIII
1120 835 1173 874 62
1201 832 1392 887 pascitur
1417 837 1455 873 et
1482 831 1598 873 dulci
1619 846 1659 868 10

57 909 135 944 cet.
196 903 318 944 inser.
355 903 503 944 auium
532 903 694 958 fartor.
755 902 952 943 auiarius
988 901 1225 942 altiliarius
1261 900 1415 954 (Orelli
1453 902 1596 951 2866).

46 973 240 1029 fartores
263 972 428 1014 Colum.
450 984 538 1013 VIII
562 972 585 1013 7
608 975 642 1013 1.
704 977 875 1014 curator
893 971 1156 1025 yallinarius
1179 971 1313 1011 Varro
1336 982 1389 1010 III
1417 972 1441 1011 9
1466 969 1500 1010 7.
1529 969 1596 1010 lex

58 1041 225 1082 Fannia
246 1053 323 1083 B.C.
348 1044 442 1083 161.
504 1041 610 1082 Plin.
633 1041 687 1082 ad
709 1040 820 1082 Trai.
845 1043 898 1081 50
921 1041 1016 1093 (71)
1037 1039 1056 1096 ἓ
1081 1042 1160 1082 139
1188 1040 1377 1094 yallinas
1398 1039 1598 1093 sayinare

58 1110 227 1151 Deliaci
248 1124 422 1164 coepere,
444 1109 554 1151 vunde
580 1110 710 1164 pestis
731 1115 875 1150 ea‘orta
898 1109 1061 1163 opimas
1082 1124 1182 1150 aues
1209 1114 1246 1149 et
1266 1113 1408 1162 suopte
1429 1121 1598 1161 corpore

60 1185 204 1221 unctas
245 1178 490 1220 deuorandi.
565 1179 638 1220 hoc
672 1179 865 1233 primum
907 1177 1091 1232 antiquis
1132 1192 1330 1218 cenarum
1364 1175 1598 1217 interdictis
1619 1195 1658 1226 15

57 1254 269 1303 eoeceptum
297 1249 465 1290 inuenio
494 1249 583 1289 iam
613 1248 698 1302 leye
731 1247 774 1289 Ο.
795 1246 939 1288 Fanni
960 1261 1035 1288 cos.
1058 1246 1137 1287 XI
1156 1247 1280 1287 (minis
1308 1251 1402 1286 ante
1428 1245 1596 1286 tertium

58 1318 272 1359 Punicum
294 1317 457 1367 bellum,
478 1332 527 1359 ne
554 1317 657 1372 quid
678 1317 846 1358 ‘uolucre
871 1322 1097 1371 poneretur
1121 1321 1296 1370 praeter
1315 1329 1445 1355 unam
1469 1314 1597 1368 gralli-

56 1402 157 1427 nam
194 1402 299 1442 quae
331 1402 414 1428 ‘non
446 1392 546 1427 esset
579 1386 725 1434 altilis,
757 1385 866 1440 quod
896 1384 1043 1426 deinde
1075 1390 1200 1438 caput
1233 1383 1487 1425 translatum
1518 1397 1598 1437 per

57 1471 195 1497 omnes
223 1457 330 1510 leges
351 1455 599 1497 ambulauit.
660 1455 722 1497 Le.
747 1454 793 1497 C.
817 1454 1010 1495 Fannius
1033 1453 1189 1494 Strabo
1212 1452 1597 1508 [Pauly-&Vissowa

57 1524 123 1565 Bd
145 1536 194 1564 VI
219 1526 329 1566 1994
351 1524 401 1565 A.
417 1524 490 1578 S.].
551 1524 601 1565 cf.
624 1523 735 1564 Rein
757 1523 800 1563 in
825 1523 962 1577 Pauly
984 1537 1056 1563 su.
1081 1521 1326 1577 ‘sumptus'
1615 1538 1659 1560 20

56 1582 65 1594 ³
144 1608 182 1648 p.
206 1595 259 1633 20
282 1593 305 1633 l.
330 1595 383 1634 32
407 1604 562 1634 DECEM
595 1604 747 1633 PONDO
791 1592 902 1632 Plut.
926 1592 1032 1632 Sull.
1058 1594 1077 1631 1
1103 1606 1162 1646 pr.

144 1676 182 1716 p.
226 1663 278 1701 22
321 1662 344 1702 l.
390 1664 410 1702 1
457 1671 1073 1702 THEATRA...DESTRVEP‚ANT
1119 1666 1253 1715 spect.
1297 1658 1364 1700 10
1388 1658 1593 1700 theatrum

50 1731 229 1785 proprie
268 1731 509 1772 sacrarium
547 1730 719 1771 Veneris
759 1735 828 1771 est.
889 1729 963 1770 hoc
1003 1729 1180 1783 denique
1220 1727 1341 1769 modo
1382 1727 1429 1767 id
1467 1742 1597 1781 gyenus

57 1800 194 1854 operis
228 1800 273 1839 in
313 1800 478 1841 saeculo
519 1800 664 1840 euasit.
726 1814 826 1839 nani
867 1813 989 1853 saepe
1029 1812 1214 1839 censores
1253 1796 1467 1837 ‘nascentia
1504 1810 1595 1836 cum

56 1869 239 1910 mamime
260 1869 423 1910 theatra
446 1868 721 1916 destruebant,
746 1867 928 1909 moribus
957 1867 1222 1913 consulentes,
1243 1880 1373 1920 quoru
1382 1880 1420 1905 m
1440 1864 1597 1905 scilicet
1616 1887 1656 1918 25

50 1938 290 1993 periculum
316 1939 461 1993 inqens
489 1938 539 1980 de
569 1938 749 1979 lasciuia
775 1936 1070 1992 prouidebant,
1094 1941 1137 1977 ut
1157 1936 1245 1976 iam
1272 1935 1337 1976 hic
1358 1934 1530 1975 ethnicis
1550 1933 1592 1973 in

56 2006 336 2048 testimonium
358 2007 476 2048 cedat
496 2007 698 2048 sententia
720 2007 907 2060 ipsorum
931 2004 1142 2046 nobiscum
1162 2004 1331 2058 faciens
1353 2009 1389 2043 et
1414 2001 1530 2043 nobis
1550 2002 1594 2042 in

56 2077 415 2130 eoeayyerationem
437 2075 688 2130 disciplinae
709 2075 837 2115 etiam
860 2075 1071 2114 humanae
1093 2072 1415 2127 praeroyatiua.
1477 2070 1596 2112 Oros.

57 2154 104 2184 IV
128 2146 178 2184 21
203 2146 239 2185 4.
303 2145 351 2185 V.
370 2145 429 2186 M.
453 2156 487 2185 II
511 2148 536 2185 4
560 2147 595 2185 2.
656 2144 762 2185 Plin.
786 2144 824 2184 h.
843 2159 881 2184 n.
906 2154 1007 2183 XVII
1034 2145 1086 2184 25
1108 2141 1127 2197 g
1150 2143 1243 2182 244.
1306 2141 1388 2181 Dio
1411 2151 1506 2180 LVII
1529 2143 1592 2180 11.

57 2212 254 2254 Tiberius
275 2213 483 2254 banished
505 2219 654 2254 actors.
718 2212 972 2267 Marquardt
995 2216 1064 2251 111²
1086 2212 1169 2252 530
1190 2225 1229 2250 n.
1254 2212 1290 2251 6.
1613 2229 1656 2260 30

143 2297 181 2337 p.
206 2284 258 2322 22
282 2283 305 2323 l.
330 2285 353 2322 2
386 2294 675 2323 DIGNITATVM
708 2281 872 2323 Herald
894 2281 1069 2336 digress.
1093 2291 1108 2319 I
1132 2284 1154 2321 6
1178 2294 1217 2334 p.
1241 2280 1422 2320 203—4.

143 2366 180 2406 p.
206 2353 257 2391 22
281 2351 304 2392 l.
328 2354 353 2392 3
377 2351 484 2392 Gen.
508 2363 541 2391 II
566 2353 620 2391 :24
641 2349 660 2406 ξ
678 2352 830 2391 2-15.
882 2349 1066 2389 Maerob.
1086 2359 1139 2388 III
1159 2347 1225 2388 17.
1277 2346 1593 2402 ‘sumptuariae

57 2419 193 2475 leges'
216 2420 316 2461 dict.
339 2428 426 2461 ant.

142 2503 180 2543 p.
214 2491 266 2529 22
300 2490 322 2529 l.
357 2493 380 2530 5
414 2500 571 2529 PARVM
603 2499 683 2529 EST
713 2500 754 2529 SI
812 2488 908 2528 idol.
933 2488 955 2528 7
980 2502 1035 2527 In.
1062 2502 1106 2541 p.
1127 2487 1181 2527 sit
1201 2486 1239 2525 si
1261 2485 1310 2525 ab
1334 2485 1434 2526 aliis
1456 2485 1592 2525 mani-

58 2556 130 2597 bus
151 2558 362 2612 accipiant
382 2558 491 2612 quod
512 2559 803 2599 contaminent.
853 2557 1033 2612 paffient.
1057 2558 1082 2596 3
1098 2570 1152 2595 m.
1171 2570 1325 2610 parum
1351 2555 1432 2602 hoc⁷
1455 2555 1492 2593 si
1515 2569 1589 2595 non
1613 2572 1654 2604 35

57 2626 185 2666 etiam
200 2626 462 2679 proditorem
483 2642 606 2667 suum
627 2642 764 2668 secum
785 2625 940 2667 habuit.

143 2709 183 2749 p.
206 2696 258 2734 22
282 2694 307 2734 l.
325 2697 348 2735 6
373 2705 551 2735 FLAGRA
572 2706 880 2735 RVMPENTIVM
903 2694 999 2734 qu.
1017 2695 1041 2734 6
1065 2694 1147 2734 479
1172 2692 1328 2732 Friedl.
1343 2691 1364 2731 h
1375 2692 1409 2733 ic
1420 2691 1594 2746 =f'1·c1129o't

46 2761 242 2816 ferulas;
274 2765 299 2803 8
323 2763 402 2803 247
429 2762 626 2804 nodosam
648 2763 824 2818 posthac
834 2762 1068 2818 frangebat
1096 2761 1249 2803 uertice
1277 2761 1401 2802 uitem
1424 2775 1464 2800 n.
1489 2759 1593 2812 (and
