1827 3004
80 64 157 104 106
645 61 1043 115 TERTVLLIANI

70 176 252 216 scrutari
275 189 402 229 super
424 175 616 216 Caesaris
638 174 789 222 salute,
814 174 894 214 nisi
918 189 943 214 a
967 188 1052 228 quo
1075 174 1239 228 aliquid
1262 174 1470 214 aduersus
1491 173 1611 214 illam

73 261 289 315 cogitatur
320 261 388 300 uel
420 265 611 314 optatur,
646 265 725 300 aut
756 264 856 313 post
886 259 1005 300 illam
1037 265 1235 313 speratur
1268 265 1311 300 et
1342 259 1607 300 sustinetur?

77 346 174 387 Non
197 346 309 386 enim
333 360 382 386 ea
403 351 549 385 mente
571 345 623 385 de
646 345 753 385 caris
776 345 1014 385 consulitur
1035 360 1121 399 qua
1144 345 1196 385 de
1218 344 1416 386 dominis.
1477 344 1614 384 Aliter

76 432 242 472 curiosa
264 437 328 472 est
347 430 590 471 sollicitudo
611 430 843 484 sanguinis,
866 430 990 470 aliter
1010 430 1245 471 seruitutis.

160 573 232 614 36.
293 573 334 613 Si
355 573 459 613 haec
479 573 541 613 ita
561 578 676 621 sunt,
698 578 749 613 ut
768 573 913 613 hostes
933 573 1314 627 deprehendantur
1333 573 1407 627 qui
1426 572 1615 613 Romani

76 659 360 707 uocabantur,
382 673 457 699 cur
473 673 563 707 nos,
585 659 657 712 qui
677 659 822 699 hostes
840 659 1151 708 existimamur,
1171 659 1360 699 Romani
1377 659 1610 713 negamur?

77 744 175 784 Non
202 757 431 797 possumus
458 748 501 783 et
527 743 715 783 Romani
741 757 828 783 non
855 757 944 783 esse
972 748 1016 784 et
1041 743 1186 784 hostes
1213 757 1315 792 esse,
1344 757 1443 784 cum
1470 743 1615 783 hostes

76 823 346 877 reperiantur
370 822 442 876 qui
468 822 655 863 Romani
680 822 966 863 habebantur.
1028 823 1147 864 Adeo
1172 823 1311 877 pietas
1336 828 1379 863 et
1402 822 1547 877 religio
1573 827 1614 861 et

75 902 181 943 fides
212 902 546 956 imperatoribus
579 901 727 942 debita
760 916 847 943 non
879 902 923 942 in
957 902 1203 943 huiusmodi
1236 902 1384 943 officiis
1417 902 1613 942 consistit

78 982 235 1036 quibus
259 987 302 1021 et
326 981 542 1021 hostilitas
565 981 701 1035 magis
725 980 781 1021 ad
804 981 1100 1022 uelamentum
1124 981 1189 1022 suj
1212 986 1359 1035 potest
1382 980 1515 1035 fungi,
1541 980 1616 1020 sed

76 1063 121 1104 in
150 1064 215 1103 his
243 1063 434 1103 moribus
463 1063 620 1117 quibus
648 1063 855 1103 diuinitas
882 1063 1070 1117 imperat
1096 1068 1189 1103 tam
1217 1076 1317 1103 uere
1345 1076 1477 1116 quam
1505 1061 1616 1101 circa

77 1158 226 1186 omnes
247 1158 417 1184 necesse
439 1143 603 1184 habent
624 1143 828 1184 exhiberi.
889 1143 1040 1197 Neque
1063 1143 1176 1183 enim
1199 1143 1304 1183 haec
1325 1156 1455 1196 opera
1476 1141 1617 1182 bonae

77 1224 234 1264 mentis
263 1223 362 1264 solis
388 1223 723 1277 imperatoribus
752 1223 966 1264 debentur
994 1238 1018 1264 a
1047 1223 1183 1264 nobis
1244 1222 1423 1263 Nullum
1452 1221 1616 1262 bonum

77 1304 157 1344 sub
194 1304 446 1357 exceptione
480 1317 762 1358 personarum
797 1303 1164 1352 administramus,
1203 1303 1304 1357 quia
1337 1302 1462 1343 nobis
1496 1315 1615 1355 prae-

78 1386 257 1429 stamus,
289 1381 363 1434 qui
390 1395 478 1421 non
507 1380 561 1421 ab
591 1380 764 1420 homine
793 1385 869 1420 aut
897 1380 1038 1420 laudis
1066 1386 1144 1420 aut
1172 1379 1351 1433 praemii
1380 1392 1616 1432 expensum

77 1466 317 1514 captamus,
358 1460 433 1501 sed
471 1475 496 1500 a
535 1460 614 1500 deo
654 1465 854 1500 exactore
893 1466 936 1500 et
972 1465 1295 1500 remuneratore
1331 1457 1617 1499 indifferentis

81 1540 370 1595 benignitatis.
431 1541 554 1580 Idem
577 1554 726 1580 sumus
748 1538 1082 1593 imperatoribus
1106 1540 1179 1593 qui
1203 1545 1247 1580 et
1269 1539 1422 1580 uicinis
1443 1538 1614 1579 nostris.

79 1619 189 1660 Male
225 1620 337 1660 enim
372 1620 492 1668 uelle,
530 1620 641 1660 male
675 1619 826 1669 facere,
861 1620 972 1660 male
1006 1620 1158 1668 dicere,
1195 1619 1307 1660 male
1341 1619 1529 1673 cogitare
1564 1617 1617 1658 de

1635 585 1654 615 5

1639 1000 1683 1022 10

1640 1395 1682 1426 15

78 1714 299 1753 quoquam
321 1713 372 1739 ex
393 1713 531 1753 aequo
551 1704 765 1740 uetamur.
828 1699 1125 1753 Quodcunque
1145 1713 1233 1739 non
1251 1699 1352 1739 licet
1370 1698 1414 1738 in
1433 1698 1614 1752 impera·
1651 1733 1654 1736 .

78 1784 229 1828 torem,
264 1779 307 1819 id
340 1793 418 1820 nec
448 1780 492 1820 in
526 1794 813 1833 quemquam:
864 1779 981 1833 quod
1012 1779 1056 1819 in
1088 1779 1317 1828 neminem,
1353 1792 1401 1819 eo
1434 1778 1616 1819 forsitan

78 1859 214 1913 magis
234 1873 311 1898 nec
331 1859 375 1899 in
394 1859 537 1913 ipsum
558 1859 631 1913 qui
652 1873 727 1913 per
747 1859 876 1899 deum
897 1865 1048 1900 tantus
1069 1864 1147 1900 est.

162 1993 234 2034 37.
294 1994 336 2034 Si
360 1994 568 2043 inimicos,
596 1999 645 2034 ut
669 2008 799 2048 supra
824 1994 1024 2043 diximus,
1050 1993 1250 2034 iubemur
1274 1993 1460 2048 diligere,
1488 2006 1617 2046 quem

80 2073 288 2113 habemus
319 2074 483 2114 odisse?
546 2074 659 2114 Item
690 2075 724 2114 si
754 2074 856 2115 laesi
886 2074 1025 2114 uicem
1055 2074 1211 2114 referre
1240 2073 1531 2127 prohibemur,
1563 2086 1617 2112 ne

78 2153 132 2193 de
160 2153 276 2194 facto
306 2168 430 2207 pares
458 2154 603 2200 simus,
636 2169 765 2208 quem
795 2169 1023 2208 possumus
1051 2155 1245 2195 laedere?
1308 2154 1421 2194 Nam
1451 2153 1505 2194 de
1531 2153 1615 2193 isto

77 2232 159 2285 ipsi
201 2233 503 2287 recognoscite.
566 2233 774 2282 Quotiens
818 2234 931 2274 enim
974 2235 1017 2274 in
1062 2234 1327 2275 Christianos
1369 2232 1613 2281 desaeuitis,

79 2312 237 2365 partini
263 2313 416 2352 animis
440 2313 633 2366 propriis,
660 2314 819 2367 partim
843 2314 1008 2368 legibus
1031 2314 1344 2367 obsequentes?
1408 2312 1616 2361 Quotiens

80 2391 210 2431 etiam
242 2392 486 2445 praeteritis
516 2393 639 2433 uobis
670 2408 747 2433 suo
778 2393 869 2433 iure
898 2408 977 2434 nos
1007 2394 1229 2434 inimicum
1260 2393 1416 2447 uulgus
1445 2391 1617 2432 inuadit

77 2469 294 2523 lapidibus
319 2475 363 2510 et
387 2471 620 2511 incendiis?
689 2472 795 2525 [psis
821 2472 1159 2513 Bacchanalium
1184 2472 1306 2512 furiis
1330 2485 1408 2511 nec
1434 2470 1616 2510 mortuis

79 2556 265 2603 parcunt
296 2550 560 2599 Christianis,
595 2552 699 2605 quin
729 2552 824 2592 illos
855 2552 908 2592 de
939 2553 1086 2606 requie
1116 2552 1376 2606 sepulturae,
1411 2551 1464 2591 de
1495 2550 1614 2604 asylo

1637 1796 1683 1817 20

1636 2248 1681 2279 25

79 2629 269 2682 quodam
302 2630 465 2679 mortis,
498 2630 585 2670 iam
618 2631 735 2680 alios,
769 2631 856 2671 iam
888 2646 966 2672 nec
998 2637 1116 2673 totos
1148 2631 1352 2680 auellant,
1387 2630 1613 2678 dissecent,
1635 2646 1681 2678 30

80 2708 339 2749 distrahant.
401 2708 513 2758 Quid
532 2715 679 2750 tamen
698 2710 750 2750 de
769 2716 860 2751 tam
880 2711 1136 2765 conspiratis
1153 2724 1363 2764 umquam
1382 2708 1614 2758 denotatis,
