1827 3004
75 75 117 116 p.
145 62 271 103 1101.
299 61 365 113 18]
571 58 1008 101 APOLOGETIOVS
1041 61 1092 100 38
1525 57 1605 97 385

75 177 244 216 361—2
284 189 352 216 nec
397 189 541 228 equum
594 174 767 215 uesania
799 174 984 227 feruida
1024 174 1127 215 circi
1167 179 1377 215 auctorem
1421 171 1607 213 leuitatis

75 244 194 285 habet
226 243 427 298 rapidiue
457 243 669 297 fragyoris.
733 242 844 284 Stat.
883 243 988 283 Silu.
1032 254 1085 282 ΙΙΙ
1129 245 1165 291 5,
1197 244 1249 282 14
1292 247 1396 283 certe
1427 239 1605 281 lasciuia

75 313 195 356 corde
226 314 344 354 nulla
375 327 446 354 nec
479 318 553 353 aut
583 312 732 365 rapidi
762 313 939 353 ¹mulcent
971 319 1008 353 te
1034 313 1202 366 proelia
1235 311 1339 353 circi
1369 317 1442 352 aut
1473 311 1608 350 intrat

72 398 213 424 sensus
242 382 416 423 clamosi
443 381 567 422 turba
595 381 759 422 theatri.
823 381 940 434 [Add
969 382 1079 435 Aug.
1103 387 1182 421 cat.
1206 380 1296 421 rud.
1322 381 1373 420 16
1395 378 1415 435 ξ
1436 381 1488 419 25
1507 379 1608 433 plus

77 451 279 491 aduersus
314 465 356 491 se
391 450 503 504 ipsos
534 449 788 490 insanientes
818 449 903 503 ipsi
933 455 1180 502 spectatores
1212 449 1316 489 alter
1345 462 1427 502 pro
1464 447 1607 494 altero,
1627 459 1647 490 5

75 533 202 573 quani
233 518 304 558 illi
330 532 506 572 quorum
537 515 786 557 insaniam
817 517 961 557 insani
990 522 1235 570 prouocant,
1255 516 1326 557 sed
1356 515 1604 556 insaniendo

74 593 259 642 spectare
280 586 532 628 desiderant.
574 586 625 626 A.
641 585 703 639 S]
764 585 901 625 Blunt
929 585 1065 640 Right
1086 584 1176 626 Use
1199 586 1294 626 361.
1357 583 1609 638 Marquardt

74 661 144 696 1112
175 657 256 697 517
290 671 328 699 n.
363 657 399 696 2.

161 740 200 781 p.
225 728 306 766 110
330 726 354 766 l.
379 727 432 765 18
454 735 742 765 INPVDICITIA
770 735 969 764 THEATRI
1003 724 1068 764 De
1102 723 1293 779 Spectae.
1319 727 1382 764 18.
1408 725 1460 764 10
1492 738 1529 778 p.
1556 724 1607 762 12

75 795 99 836 l.
123 795 145 836 7
172 795 295 836 Wiss.
318 809 439 849 saepe
461 808 643 835 censores
664 793 879 834 nascentia
902 808 995 834 cam
1024 793 1205 834 maoeime
1234 793 1398 834 theatra
1428 792 1608 833 destrue—
1632 805 1674 827 10

76 864 185 912 bant,
206 863 390 905 moribus
423 863 685 911 considentes,
719 876 895 916 quorum
931 861 1087 903 scilicet
1114 862 1354 916 periculam
1385 862 1530 916 inqens
1560 860 1610 902 de

76 934 255 975 lasciuia
287 932 578 988 prouidebant.
640 930 752 986 Aug.
788 942 822 971 ΙΙ
860 930 925 971 De
969 930 1114 986 Symb.
1159 933 1182 970 2
1223 929 1242 986 ξ
1277 933 1311 970 1.
1374 929 1499 985 Cypr.
1542 928 1610 969 Ad

76 1003 230 1043 Donat.
259 1004 295 1042 8.
351 1000 518 1056 [Cypn]
550 1000 616 1041 De
639 999 782 1055 Spect.
806 1001 843 1039 3.

164 1081 445 1111 ATRocrrA'rE
467 1079 688 1109 HARENAE
710 1068 776 1108 De
800 1067 993 1123 Spectac.
1018 1069 1083 1115 18,
1101 1067 1215 1108 cited
1236 1067 1380 1108 below.
1435 1066 1609 1108 Salvian

76 1152 125 1181 VI
166 1138 185 1196 ἓ
228 1142 280 1180 10
321 1140 367 1179 in
409 1138 906 1193 spectaculis...primuni
947 1137 1201 1178 deliciarum
1239 1152 1368 1191 yenus
1408 1143 1466 1178 est
1500 1137 1610 1177 niori
1632 1152 1672 1183 15

77 1209 271 1257 homines,
293 1208 467 1263 impleri
490 1206 693 1261 ferarum
716 1207 835 1247 aluos
862 1205 1059 1246 humanis
1091 1205 1285 1246 carnibus
1311 1220 1402 1246 cum
1434 1206 1610 1247 circum-

76 1279 279 1319 stantium
313 1277 528 1331 uoluptate
565 1282 601 1317 et
643 1276 986 1330 conspicientium
1029 1275 1216 1316 laetitia:
1258 1281 1378 1330 utque
1408 1275 1479 1315 hoc
1514 1275 1610 1329 fiat,

80 1348 190 1390 orbis
231 1347 495 1402 impendium
536 1352 619 1387 est:
662 1346 872 1386 adeuntur
913 1346 1003 1386 loca
1046 1345 1199 1393 abdita,
1233 1345 1470 1386 lustrantur
1501 1343 1613 1384 inuii

78 1417 223 1464 saltus,
249 1421 537 1471 perayrantur
564 1416 699 1456 siluae
730 1413 1046 1469 inexplicabiles
1075 1420 1121 1460 et,
1146 1419 1191 1454 ut
1224 1413 1425 1455 deuorari
1450 1413 1612 1468 possint

78 1486 273 1533 homines,
316 1499 397 1526 non>
439 1484 533 1525 licet
573 1489 774 1524 naturam
821 1498 966 1524 rerum
1007 1482 1154 1523 habere
1196 1483 1361 1537 aliquid
1401 1487 1610 1523 secretum.
1632 1496 1678 1518 20

80 1556 249 1596 Petron.
287 1555 367 1595 119
404 1555 573 1593 14—18
611 1553 830 1607 quaeritur
863 1553 908 1592 in
941 1551 1066 1592 siluis
1103 1566 1207 1592 auro
1236 1550 1339 1606 fera
1369 1556 1407 1592 et
1437 1551 1612 1591 ultimus

79 1624 297 1664 Hammon
333 1622 548 1675 Afrorum
588 1621 806 1670 excutitur,
840 1635 889 1661 ne
921 1620 1027 1661 desit
1068 1619 1187 1661 belua
1223 1620 1340 1660 dente
1374 1619 1430 1660 ad
1462 1624 1617 1660 mortes

74 1694 263 1748 pretiosa
271 1708 285 1742 ‚·
305 1692 452 1747 fames
468 1691 628 1745 premit
650 1690 815 1731 aduena
840 1691 1002 1739 classes,
1023 1690 1149 1744 tiyris
1169 1695 1207 1731 et
1229 1695 1385 1730 aurata
1411 1679 1616 1742 gradiens

78 1769 267 1804 vectatur
297 1763 343 1802 in
374 1762 490 1809 aula,
512 1767 557 1801 ut
582 1760 693 1801 bibat
721 1760 955 1801 humanum
976 1760 1136 1814 populo
1161 1760 1391 1814 plaudente
1413 1773 1612 1800 cruorem.

78 1829 351 1872 Hieron.'Vit.
362 1829 570 1869 Hilarion.
585 1827 604 1885 ἓ
619 1831 642 1868 2
657 1844 737 1870 non
751 1829 856 1870 circi
857 1828 1097 1883 furoribus,
1113 1843 1191 1868 non
1205 1828 1386 1869 harenae
1399 1842 1502 1881 sang]
1510 1827 1612 1876 uine,
1633 1844 1675 1876 25

78 1915 160 1941 non
190 1900 344 1941 theatri
376 1899 551 1939 luoeuria
582 1898 876 1939 delectabatur.
940 1896 1141 1951 Pelagius
1173 1911 1236 1952 ep.
1269 1897 1322 1937 ad
1350 1895 1612 1937 Demetriad.

79 1969 197 2010 Hier.
226 1980 275 2009 XI
305 1970 329 2008 2
347 1983 385 2024 p.
415 1966 486 2008 1²7e
511 1967 618 2020 (also
649 1966 695 2007 in
726 1965 912 2008 editions
944 1967 990 2006 of
1020 1966 1152 2020 Aug.)
1182 1967 1235 2005 14
1268 1965 1324 2006 ad
1356 1965 1615 2006 consulatum

79 2054 223 2080 eorum
253 2038 446 2079 diuersae
472 2037 598 2078 totius
629 2036 740 2077 orbis
767 2036 1026 2090 prouinciae,
1055 2035 1113 2076 aol
1141 2049 1244 2089 quas
1277 2034 1424 2075 doinus
1454 2040 1615 2075 uestrae

78 2108 262 2163 potentia
284 2106 530 2153 attenditur,
543 2106 792 2160 pereyrinas
803 2105 930 2160 seras
952 2111 989 2146 et
1009 2105 1154 2158 iynota
1177 2104 1390 2145 animalia
1411 2103 1610 2144 transmi-

79 2184 231 2225 serunt,
246 2191 354 2232 quae
371 2176 554 2218 crudelis
569 2176 753 2216 harenae
766 2176 901 2216 solum
915 2176 980 2216 uel
998 2189 1071 2215 suo
1090 2175 1156 2215 uel
1173 2174 1389 2215 hominum
1405 2173 1610 2227 sanquine
1632 2191 1676 2222 30

79 2252 353 2290 cruentarent.
414 2245 525 2286 Iren.
544 2256 559 2285 I
582 2247 606 2286 6
628 2243 648 2301 ξ
669 2247 694 2286 3
719 2244 790 2286 καὶ
814 2244 887 2286 ἐπὶ
909 2247 1063 2286 ’πᾶσαν
1085 2243 1349 2298 ἑορτάσιμον
1371 2244 1458 2283 τῶν
1479 2241 1612 2282 ἐθνῶν

81 2316 242 2373 τέρψιν
271 2316 331 2361 εἰς
359 2313 487 2367 τιμὴν
513 2316 599 2355 τῶν
628 2313 816 2355 εἰδώλων
843 2312 1101 2367 γιγνομένην
1122 2313 1289 2365 πρῶτοι
1317 2311 1534 2359 συνίασιν,
1557 2310 1613 2355 ὡς

79 2385 186 2439 μηδε
238 2388 316 2437 τῆς·
367 2382 488 2439 παρὰ
531 2384 628 2438 Θεῷ
666 2383 739 2424 καὶ
781 2381 1028 2436 ἀνθρώποις
1070 2379 1366 2434 μεμισημένης
1407 2383 1484 2431 τῆς
1525 2380 1612 2420 τῶν

81 2455 364 2510 θηριομάχων
392 2453 465 2495 καὶ
491 2452 763 2509 μονομαχίας
790 2450 1061 2507 ἀνδροφόνου
1084 2451 1183 2496 θέας·
1205 2450 1454 2506 ἀπέχεσθαι
1475 2448 1611 2495 ἐνίους

80 2524 234 2566 αὐτῶν.
295 2523 420 2579 Cypr.
452 2521 506 2562 ad
534 2521 690 2562 Donat.
726 2521 761 2562 7.
822 2520 1056 2562 Neumann
1089 2532 1104 2560 Ι
1143 2522 1224 2561 235
1259 2522 1410 2560 9—11.
1442 2518 1609 2575 (Orig.).
1630 2533 1672 2564 35

82 2591 228 2647 Chrys.
252 2592 378 2633 Hom.
403 2593 455 2631 13
478 2589 523 2630 in
547 2593 567 2630 1
594 2589 687 2631 Cor.
713 2593 737 2630 4
759 2590 994 2643 (Hauerc.)

165 2672 297 2701 XYSTI
337 2660 487 2715 mystici
523 2660 588 2701 De
626 2659 818 2715 Spectac.
855 2660 910 2699 30
950 2673 988 2713 p.
1032 2659 1084 2698 29
1123 2657 1147 2697 l.
1186 2659 1210 2698 9
1249 2656 1369 2697 Wiss.
1411 2655 1609 2708 (Sueton.

81 2729 218 2770 Galba
249 2731 322 2782 15)
354 2735 449 2771 tunc
482 2729 633 2784 mystici
664 2727 982 2782 contemplandi,
1014 2741 1094 2767 non
1126 2725 1167 2766 in
1196 2725 1432 2781 yyninasiis
1462 2726 1532 2767 sed
1564 2726 1609 2766 in

190 2827 229 2851 M.
251 2826 286 2851 T.
1453 2811 1501 2846 25
