1827 3004
121 71 172 111 74
687 67 1084 109 TERTVLLIANI

120 183 371 237 sanguinem
425 182 715 223 Christianum
766 182 1102 222 seminauerunt.
1181 181 1263 222 Sed
1314 181 1652 221 monstrabimus

120 251 244 292 uobis
268 251 445 291 idoneos
470 256 603 291 testes
628 250 784 291 Christi
808 250 924 303 ipsos
948 250 1042 290 illos
1068 264 1175 303 quos
1200 249 1404 290 adoratis.
1465 249 1651 290 Multum

122 325 187 360 est
217 320 249 359 si
282 334 352 359 eos
384 319 614 359 adhibeam
645 324 695 359 ut
726 318 910 358 credatis
941 318 1193 359 Christianis
1224 323 1399 371 propter
1429 332 1536 371 quos
1567 332 1654 358 non

121 388 292 428 creditis
318 388 582 428 Christianis.
637 387 819 427 Interim
844 387 912 427 hio
938 392 1002 427 est
1027 386 1131 427 ordo
1155 392 1329 427 nostrae
1352 387 1651 435 institutionis,

122 456 236 496 hunc
264 456 475 496 edidimus
504 461 547 496 et
574 460 716 496 sectae
745 460 788 495 et
815 455 1001 495 nominis
1029 469 1204 495 censum
1233 469 1331 495 cum
1359 469 1435 495 suo
1464 460 1652 495 auctore.
1673 467 1692 497 5

122 524 259 564 Nemo
288 525 374 564 iam
402 523 627 564 infamiam
656 524 854 573 incutiat,
884 538 1011 564 nemo
1041 523 1158 564 aliud
1187 524 1417 573 existimet,
1449 524 1550 577 quia
1578 538 1656 563 nec

122 592 187 633 fas
217 598 281 633 est
309 593 382 633 ulli
413 593 465 633 de
494 607 571 633 sua
599 593 801 646 religione
830 592 1015 633 mentiri.
1076 592 1143 632 Ex
1173 606 1221 633 eo
1252 593 1364 632 enim
1395 592 1511 646 quod
1539 592 1657 632 aliud

120 681 146 706 a
178 681 222 707 se
256 667 334 707 coli
369 666 474 707 dicit
507 681 639 720 quam
674 666 787 715 colit,
823 671 954 721 negat
987 666 1104 720 quod
1138 666 1252 716 colit,
1289 672 1331 707 et
1366 666 1580 707 culturam
1615 671 1657 705 et

120 741 325 782 honorem
359 742 403 782 in
436 742 621 782 alterum
654 741 874 791 transfert,
911 747 954 782 et
986 741 1284 782 transferendo
1317 742 1404 782 iam
1436 756 1523 782 non
1557 741 1657 781 colit

121 816 237 870 quod
252 816 441 870 negauit.
501 816 708 865 Dicimus,
727 821 770 856 et
784 816 928 869 palam
944 815 1138 864 dicimus,
1156 821 1200 856 et
1214 816 1338 856 uobis
1352 815 1658 870 torquentibus
1679 831 1721 853 10

119 891 295 931 lacerati
325 896 368 931 et
396 892 561 932 cruenti
589 891 898 932 uociferamur:
944 891 1086 931 Deum
1115 891 1293 932 colimus
1322 905 1396 945 per
1424 890 1656 932 Christum.

120 965 249 1006 Illum
269 966 487 1006 hominem
508 970 675 1019 putate,
697 979 772 1019 per
793 979 890 1006 eum
912 971 955 1006 et
973 966 1014 1006 in
1039 980 1086 1007 eo
1107 980 1151 1007 se
1171 967 1367 1021 cognosci
1389 972 1433 1007 et
1452 966 1532 1007 coli
1552 966 1658 1007 deus

120 1040 229 1080 uult.
290 1039 352 1080 Ut
372 1040 545 1080 Iudaeis
564 1039 913 1094 respondeamus,
938 1046 981 1081 et
999 1041 1081 1094 ipsi
1102 1041 1326 1081 dominum
1347 1055 1422 1095 per
1442 1041 1661 1081 hominem

121 1113 299 1167 Moysen
347 1114 482 1155 colere
529 1114 794 1155 didicerunt:
860 1120 911 1155 ut
959 1114 1131 1155 Graecis
1178 1129 1413 1165 occurram,
1465 1114 1661 1169 Orpheus

122 1190 296 1239 Pieriae,
317 1189 518 1230 Musaeus
535 1190 730 1240 Athenis,
750 1190 992 1244 Melampus
1008 1190 1144 1245 Argis,
1165 1191 1436 1244 Trophonius
1454 1190 1661 1231 Boeotiae
1682 1205 1722 1236 15

120 1264 439 1305 initiationibus
458 1265 653 1305 homines
672 1265 996 1320 obligauerunt:
1034 1270 1084 1306 ut
1103 1265 1159 1306 ad
1178 1280 1256 1306 uos
1276 1279 1449 1320 quoque
1467 1265 1660 1306 domina-

122 1343 236 1379 tores
278 1339 472 1393 gentium
514 1339 765 1394 adspiciam,
810 1340 938 1381 homo
981 1340 1066 1381 suit
1107 1340 1345 1394 Pompilius
1386 1340 1543 1389 Numa,
1589 1339 1662 1394 qui

123 1413 345 1454 Romanos
376 1414 685 1468 operosissimis
716 1414 1097 1469 superstitionibus
1128 1415 1338 1456 onerauit.
1400 1414 1588 1455 Licuerit
1620 1419 1663 1454 et

123 1487 291 1529 Christo
313 1489 595 1529 commentari
613 1489 903 1539 diuinitatem,
922 1503 1011 1529 rem
1033 1489 1265 1543 propriam,
1284 1504 1371 1530 non
1389 1503 1473 1543 qua
1495 1488 1662 1543 rupices

125 1567 169 1603 et
185 1562 327 1603 adhuc
344 1563 456 1604 feros
474 1563 668 1604 homines
685 1564 956 1605 multitudini
974 1569 1042 1605 tot
1059 1564 1288 1604 numinum
1305 1563 1662 1604 demerendorum
1682 1579 1725 1601 20

125 1637 337 1677 attonitos
367 1637 588 1678 efficiendo
617 1637 673 1678 ad
702 1638 1022 1678 humanitatem
1051 1643 1326 1691 temperaret,
1358 1637 1474 1691 quod
1503 1637 1660 1680 Numa,
1733 1622 1736 1626 ⁵

125 1710 199 1750 sed
221 1711 293 1764 qui
314 1711 401 1751 iam
424 1711 636 1765 expolitos
659 1717 702 1752 et
722 1711 815 1765 ipsa
838 1711 1088 1752 urbanitate
1109 1711 1313 1765 deceptos
1333 1712 1377 1751 in
1399 1711 1664 1766 agnitionem

125 1785 322 1826 ueritatis
358 1785 562 1826 ocularet.
625 1785 827 1834 Quaerite
862 1786 994 1840 igitur
1029 1786 1062 1826 si
1099 1799 1201 1826 uera
1238 1790 1303 1825 est
1338 1786 1421 1826 ista
1458 1785 1664 1825 diuinitas

126 1858 295 1900 Christi.
356 1859 398 1900 Si
437 1873 487 1900 ea
526 1865 590 1900 est
629 1874 714 1914 qua
753 1860 926 1914 cognita
964 1860 1020 1900 ad
1058 1859 1221 1900 bonum
1260 1859 1355 1913 quis
1390 1859 1661 1906 reformatur,

126 1933 321 1987 sequitur
361 1939 411 1974 ut
451 1933 584 1974 falsae
625 1934 909 1983 renuntietur,
954 1939 1160 1987 conperta
1200 1933 1395 1987 inprimis
1435 1933 1507 1973 illa
1547 1932 1664 1973 omni
1684 1949 1725 1980 25

126 2007 293 2047 ratione
332 2022 443 2061 quae
483 2007 726 2048 delitiscens
766 2007 845 2048 sub
886 2007 1133 2048 nominibus
1173 2012 1216 2047 et
1254 2007 1514 2061 imaginibus
1553 2020 1662 2047 mor-

127 2085 301 2121 tuorum
353 2081 613 2135 quibusdam
664 2081 794 2135 signis
845 2087 888 2122 et
937 2081 1152 2121 miraculis
1203 2086 1245 2121 et
1295 2081 1477 2121 oraculis
1534 2080 1663 2120 fidem

129 2153 371 2195 diuinitatis
402 2160 618 2208 operatur.

210 2285 282 2325 22.
342 2285 487 2339 Atque
520 2285 627 2326 adeo
661 2286 843 2326 dicimus
876 2300 966 2326 esse
998 2285 1267 2326 substantias
1300 2285 1511 2339 quasdam
1544 2284 1663 2338 spiri-

128 2359 249 2400 tales.
310 2359 399 2399 Nec
432 2374 595 2400 nouum
628 2375 786 2401 nomen
820 2366 897 2401 est.
958 2360 1109 2401 Sciunt
1141 2361 1373 2401 daemones
1406 2359 1662 2414 philosophi,
1683 2382 1727 2413 30

130 2432 305 2473 Socrate
322 2433 414 2486 ipso
434 2433 489 2473 ad
508 2434 723 2474 daemonii
742 2434 969 2475 arbitrium
989 2439 1281 2488 exspectante.
1344 2433 1529 2482 Quidni?
1567 2447 1665 2474 cum

131 2511 174 2547 et
194 2506 274 2559 ipsi
297 2506 573 2547 daemonium
596 2522 621 2547 a
643 2508 827 2561 pueritia
849 2507 1094 2548 adhaesisse
1115 2507 1297 2556 dicatur,
1321 2506 1666 2547 dehortatorium

130 2579 257 2633 plane
284 2594 308 2619 a
334 2579 462 2620 bono.
525 2580 683 2620 Omnes
710 2581 853 2621 sciunt
880 2584 1056 2635 poetae3
1101 2581 1233 2621 etiam
1260 2580 1415 2635 uulgus
1440 2580 1666 2621 indoctum

129 2652 174 2693 in
210 2666 336 2692 usum
374 2652 592 2693 maledicti
629 2653 892 2707 frequentat.
953 2654 1066 2695 Nam
1104 2659 1148 2695 et
1184 2653 1390 2703 Satanan,
1430 2654 1666 2708 principem

131 2725 258 2766 huius
276 2726 376 2766 mali
395 2726 570 2779 generis,
591 2727 770 2781 proinde
788 2727 841 2768 de
858 2728 1031 2782 propria
1050 2728 1311 2769 conscientia
1329 2728 1498 2768 animae
1516 2728 1666 2768 eadem
1687 2743 1730 2776 35
