1827 3004
110 52 189 91 380
675 52 1075 93 TERTVLLIANI
1297 55 1355 108 [p.
1383 56 1460 95 108
1481 54 1508 95 1.
1534 56 1643 94 22-

111 167 204 206 154.
267 165 411 205 Burm.
434 165 488 205 ad
511 164 590 206 ΟΠ.
616 165 789 206 Metam.
814 178 848 206 II
873 168 966 208 239.
1030 168 1135 208 Plin.
1159 183 1221 223 ep.
1246 180 1279 208 II
1305 171 1322 208 1
1350 167 1369 223 ξ
1391 167 1426 209 7.
1468 179 1517 208 VI
1536 166 1642 223 ‘2§I.

113 234 223 274 Hau.
246 234 294 273 cf.
318 233 426 273 Flor.
451 245 503 272 III
528 236 578 273 21
603 232 622 288 ξ
651 236 703 274 25
730 234 874 275 uiuere
902 236 1066 289 aliquos
1097 236 1251 284 debere,
1272 242 1317 277 ut
1346 242 1474 278 essent
1499 236 1645 291 quibus

111 302 367 356 imperarent
389 301 472 341 and
488 301 587 342 Sall.
603 302 647 342 in
666 301 784 342 Seru.
799 303 905 343 Aen.
921 315 1007 343 VIII
1025 303 1104 344 557
1123 304 1177 357 [z
1197 304 1293 345 hisi.
1313 316 1327 344 Ι
1350 306 1405 344 30
1422 304 1644 345 Maurenb.

110 371 285 424 speciem
306 375 452 423 captae
474 370 588 410 ‹uo-bis
609 371 772 425 efficere.
824 371 872 412 A.
885 371 957 425 S.].

72 457 90 487 5
199 449 366 478 HOSTES
397 453 428 479 c.
457 441 480 478 2
513 454 551 493 p.
587 442 638 478 10
671 439 694 480 l.
730 441 793 480 28.
847 455 879 480 c.
913 442 965 480 32
992 440 1260 494 publicorum
1291 441 1469 482 hostium
1500 455 1646 482 ‘nomen

115 507 368 547 Christianis
407 507 574 548 (labant.
632 510 685 549 35
720 523 780 563 pr.
811 508 975 563 publici
1011 510 1140 550 hostes
1183 510 1427 551 Christiani.
1488 509 1645 550 Arnob.

114 587 127 615 I
172 579 192 615 1
239 591 363 630 neque
412 577 521 617 enini
568 578 811 630 neyauerim
856 578 1174 619 ualidissimam
1222 593 1304 619 esse
1344 579 1647 620 accusationem

113 646 250 694 istam,
276 645 572 700 hostilibusque
600 646 824 700 conclissnos
855 647 963 687 odiis
992 662 1063 688 nos
1094 663 1186 689 esse.
1247 648 1342 688 Tac.
1370 649 1482 688 Ann.
1506 659 1569 687 XV
1593 649 1646 687 44

113 715 338 755 multitudo
386 716 532 769 ingyens
577 715 693 756 haud
735 715 917 769 proinde
967 717 1013 756 in
1063 717 1237 758 crimine
1287 716 1473 758 inoenclii
1522 731 1648 770 quam

53 804 94 826 10
114 784 207 825 oclio
241 784 418 824 humani
449 785 614 838 yeneris
649 785 829 825 conuicti
864 791 970 834 sant,
1008 785 1147 826 where
1184 785 1322 826 Zeller
1364 785 1585 838 (Zeitschr.
1624 785 1648 824 f.

114 853 220 894 wiss.
263 854 407 894 Theol.
452 856 559 895 1891
604 854 864 907 356—367)‚
906 854 1132 910 recanting
1173 854 1239 895 his
1280 856 1436 895 former
1475 853 1649 909 opinion

113 923 344 978 (Vortrage
360 935 393 963 II
414 925 527 976 195),
545 938 636 964 sees
652 923 967 979 μισανθρωπία
985 924 1353 966 Menschenseheu
1376 924 1522 965 rather
1543 924 1649 964 than

114 992 459 1033 Menschenhass.

201 1077 239 1117 p.
273 1064 353 1103 108
384 1062 408 1102 1.
441 1061 491 1104 27
523 1074 855 1110 VSQVEQVAQVE
888 1062 1030 1119 Scorp.
1055 1066 1106 1105 15
1130 1079 1189 1119 pr.
1251 1064 1305 1105 ad
1336 1070 1423 1105 nat..
1456 1075 1471 1103 I
1505 1066 1557 1103 18
1580 1063 1650 1104 fin.

55 1147 94 1178 15
116 1142 150 1170 II
185 1133 237 1171 12
266 1146 304 1186 p.
334 1133 414 1172 119
454 1132 476 1172 1.
512 1134 537 1172 8
577 1131 696 1172 Wiss.
760 1132 825 1172 De
852 1132 1092 1188 Monogam.
1132 1133 1183 1174 17
1211 1148 1270 1188 pr.
1333 1132 1477 1173 Sidon.
1506 1133 1580 1187 Ep.
1616 1143 1650 1171 II

118 1201 170 1240 10
201 1198 220 1255 ξ
253 1203 287 1241 1.
330 1212 382 1240 IX
413 1202 438 1240 3
470 1199 488 1256 ξ
517 1202 551 1241 7.
586 1203 638 1242 15
672 1216 754 1241 ver.
788 1203 852 1242 41.
920 1201 1031 1257 Aug.
1064 1217 1127 1257 ep.
1163 1204 1244 1243 153
1280 1204 1333 1242 14
1366 1217 1425 1257 pr.
1466 1204 1546 1242 185
1586 1204 1650 1242 25.

116 1269 233 1322 [Add
257 1270 320 1310 Ps.
342 1273 435 1319 118,
453 1273 488 1311 8.
507 1273 585 1311 43:
617 1271 824 1326 probably
845 1286 891 1311 as
913 1287 1042 1326 many
1063 1287 1108 1312 as
1133 1274 1215 1313 100
1236 1271 1452 1313 instances
1474 1271 1518 1312 in
1540 1271 1650 1327 Aug.

113 1338 162 1379 A.
182 1338 240 1392 S]

202 1422 240 1462 p.
266 1409 347 1447 108
380 1407 404 1447 1.
429 1410 481 1448 28
512 1419 856 1448 DAEMONIORVM
889 1423 920 1449 c.
955 1411 1008 1449 23
1041 1424 1078 1464 p.
1108 1412 1161 1450 82
1195 1410 1217 1450 1.
1248 1412 1300 1450 22
1333 1425 1371 1450 n.
1395 1410 1496 1462 (last
1529 1409 1652 1462 half),

51 1498 95 1519 -20
116 1491 147 1517 c.
179 1479 231 1517 25
268 1492 328 1532 pr.
366 1491 417 1525 n.‚
451 1492 483 1518 c.
519 1476 585 1526 27,
619 1492 650 1518 c.
685 1479 738 1519 32
775 1478 858 1525 fin„
892 1492 924 1518 c.
958 1480 1013 1519 43
1051 1479 1200 1533 quanti
1232 1479 1401 1528 habetis,
1439 1494 1518 1520 non
1560 1479 1652 1520 dico

116 1547 205 1587 iam
236 1547 308 1601 qui
341 1547 391 1587 cle
434 1546 547 1588 uobis
588 1547 814 1588 daemonia>
850 1547 1090 1588 eoecutiant?
1152 1548 1306 1589 lustin.
1349 1548 1471 1603 Apol.
1509 1559 1543 1588 II
1576 1550 1600 1589 6
1627 1548 1652 1588 f.

115 1615 242 1667 (Oito
284 1630 322 1670 p.
361 1617 443 1656 216
476 1630 515 1655 n.
550 1616 633 1667 15).
694 1616 742 1656 cf.
781 1615 898 1656 Laci.
941 1615 1040 1656 Diu.
1083 1616 1210 1657 Inst‘c.
1253 1628 1302 1656 IV
1340 1618 1392 1657 27
1431 1615 1469 1673 ἐξ
1501 1619 1652 1657 2-14.

117 1683 370 1724 Tzsehirner
402 1682 484 1723 175
507 1698 566 1737 sq.

205 1763 477 1793 INCVRSIBVS
529 1752 594 1792 De
646 1752 789 1793 Anim.
833 1754 884 1793 57
930 1767 968 1807 p.
1011 1754 1094 1793 392
1147 1753 1170 1793 1.
1214 1755 1238 1794 5
1291 1753 1414 1794 Wiss.
1456 1753 1654 1808 pluribus

54 1838 96 1868 25
118 1828 258 1862 notum
292 1828 350 1863 est
385 1821 702 1862 daemoniorum
731 1836 888 1875 quoque
916 1836 1043 1875 opera
1076 1828 1113 1862 et
1145 1822 1400 1863 immaturas
1431 1828 1467 1863 et
1498 1829 1655 1863 atroces

118 1890 222 1945 effici
242 1896 404 1939 mortes,
427 1906 531 1944 (liliis
557 1890 792 1931 incursibus
815 1891 1038 1944 deputant:
1082 1890 1136 1931 he
1165 1905 1266 1945 goes
1298 1906 1352 1931 on
1378 1897 1421 1931 to
1450 1891 1581 1946 speak
1614 1891 1661 1931 of

120 1960 357 2001 exorcisms.
419 1960 485 2001 De
519 1960 701 2001 Praescr.
738 1960 866 2000 Haer.
906 1962 969 2000 15.
1023 1959 1156 2002 Clem.
1194 1961 1375 2016 Reoogn.
1406 1972 1454 2000 IV
1491 1963 1553 2001 14.
1590 1960 1655 2009 17,

118 2029 303 2069 incursio
356 2029 583 2070 daemonis.
645 2028 891 2084 Chrysolog.
935 2028 1069 2069 Serm.
1119 2032 1183 2077 18,
1233 2029 1381 2085 Migne
1423 2029 1465 2070 P.
1504 2029 1549 2070 L.
1592 2040 1654 2068 LII

120 2112 158 2152 p.
183 2096 286 2137 248ῙΟ
305 2098 525 2151 pelluntur
546 2113 573 2138 a
594 2097 710 2138 'nobis
731 2098 962 2138 daemones.
1024 2097 1140 2138 Laeb.
1163 2098 1262 2139 Diu.
1286 2098 1412 2139 Insbh.
1438 2110 1472 2138 II
1506 2101 1557 2139 15
1585 2097 1603 2153 ἓ
1630 2100 1653 2139 6

56 2187 100 2217 30
121 2168 307 2222 affirmat
332 2182 398 2209 eos
427 2167 616 2215 Hermes,
638 2167 711 2221 qui
741 2168 1007 2221 cogynouerint
1039 2168 1172 2216 (leant,
1197 2183 1278 2209 non
1311 2174 1474 2209 tantum
1507 2169 1558 2209 ab
1590 2169 1654 2208 in-

121 2236 309 2278 cursibus
325 2236 575 2278 daemonnm
592 2241 699 2276 tutos
715 2251 808 2284 esse,
825 2251 973 2277 uerum
991 2251 1039 2277 ne
1044 2236 1144 2291 fato
1161 2237 1327 2291 quidem
1342 2238 1481 2278 teneri.
1535 2248 1582 2277 IV
1602 2236 1652 2277 27

124 2304 143 2361 ξ
166 2308 189 2345 2
215 2321 311 2346 nam
333 2307 440 2347 sicut
461 2306 559 2360 ipse,
582 2320 676 2347 cum
696 2305 806 2346 inter
826 2306 1011 2347 homines
1033 2313 1183 2359 ayeret,
1202 2307 1416 2347 uniuersos
1437 2307 1656 2348 daemones

125 2375 243 2415 uerbo
265 2374 453 2429 fuyabat
485 2374 779 2428 heminamque
812 2380 967 2415 ‘mentes
999 2380 1155 2415 emotas
1191 2381 1227 2416 et
1259 2375 1386 2415 malis
1420 2374 1656 2416 incursibus

111 2444 309 2499 furiatas
340 2443 385 2483 in¹
412 2457 556 2484 sensus
576 2443 782 2497 pristinos
808 2443 1038 2497 reponebat.
1100 2442 1154 2483 ib.
1177 2442 1196 2498 ξ
1220 2446 1272 2483 14
1293 2443 1468 2498 denique
1494 2444 1533 2484 si
1563 2458 1653 2484 con-

57 2530 99 2560 35
120 2513 323 2553 stituatar
373 2512 420 2552 z‘n
470 2512 606 2552 medio
656 2517 693 2552 et
739 2512 787 2559 is,
829 2526 947 2565 quem
988 2517 1144 2552 constat
1184 2511 1402 2552 incursum
1442 2511 1656 2552 daemonis

115 2582 293 2636 perpeti,
327 2588 364 2622 et
405 2581 602 2635 Delphici
641 2581 859 2635 Apollinis
899 2587 1027 2629 uates,
1061 2581 1201 2622 eodem
1243 2580 1362 2621 morlo
1403 2580 1472 2621 dei
1510 2594 1655 2620 nomen

121 2650 354 2699 horrebunt,
393 2657 428 2691 et
465 2656 553 2690 tam
590 2650 777 2691 celeriter
814 2650 973 2691 excedet
1014 2650 1064 2691 de
1094 2656 1190 2691 uate
1224 2665 1297 2690 suo
1330 2650 1497 2704 Apollo,
1530 2664 1656 2704 quani

121 2734 169 2761 esc
200 2719 362 2760 homine
397 2720 576 2773 spiritus
610 2720 684 2760 ille
721 2719 997 2760 daemonicus.
1059 2719 1226 2775 Appeal
1256 2725 1298 2760 bo
1333 2725 1657 2773 contemporary
