1827 3004
163 106 214 144 60
730 99 1128 141 TERTVLLIANI

163 218 287 271 phus,
313 216 611 271 prouidentiae
633 215 806 263 uindex,
831 213 883 254 de
905 213 1146 254 sententiae
1168 196 1470 253 communione
1491 211 1698 265 suspexit.

164 296 425 336 Adfirmauit
446 295 549 335 haec
570 294 693 334 uobis
714 293 845 333 etiam
867 293 1102 332 Aristaeus.
1163 292 1233 332 Ita
1253 292 1297 332 in
1319 291 1531 331 Graecum
1552 291 1699 331 stilum

164 379 369 427 exaperta
385 377 666 413 monumenta
682 371 866 424 reliquit.
927 369 1069 410 Hodie
1084 370 1201 424 apud
1216 370 1450 423 Serapeum
1464 368 1701 409 Ptolemaei

164 453 450 493 bibliothecae
486 466 583 492 cum
619 451 721 505 ipsis
757 450 982 491 Hebraicis
1017 449 1172 490 litteris
1208 449 1478 490 exhibentur.
1540 448 1623 489 Sed
1658 453 1702 489 et

164 533 315 572 Iudaei
364 532 508 586 palam
558 531 771 571 lectitant.
832 529 1063 583 Vectigalis
1112 528 1311 577 libertas3
1377 528 1506 583 uulgo
1557 528 1739 573 aditur5

165 610 360 650 sabbatis
395 609 608 649 omnibus.
671 608 751 657 Qui
789 607 986 654 audierit,
1024 607 1217 647 inueniet
1253 607 1405 656 deum;
1459 607 1533 660 qui
1570 607 1701 647 etiam

165 689 381 729 studuerit
410 688 666 742 intellegere,
700 693 876 742 cogetur
906 692 949 728 et
979 687 1161 728 credere.

250 819 321 860 19.
381 819 571 859 Primam
600 818 900 859 instrumentis
930 818 1023 859 istis
1053 818 1362 859 auctoritatem
1392 832 1562 859 summa
1592 818 1700 858 anti-

166 899 311 953 quitas
337 899 543 939 uindicat.
604 898 734 952 Apud
760 913 838 938 uos
866 912 1038 952 quoque
1064 898 1277 953 religionis
1304 904 1370 939 est
1395 898 1544 947 instar,
1573 898 1703 939 fidem

166 978 219 1018 de
249 978 516 1032 temporibus
547 978 753 1019 adserere.
814 978 1153 1030 [Auctoritatem
1183 978 1338 1019 litteris
1368 983 1563 1032 praestat
1593 978 1701 1018 anti-
1725 996 1768 1019 10

166 1059 311 1112 quitas
349 1074 530 1100 summa.
592 1060 760 1100 Primus
799 1060 912 1100 enim
950 1060 1181 1114 prophetes
1219 1059 1400 1114 Moyses,
1441 1060 1515 1114 qui
1553 1059 1703 1100 mundi

167 1138 459 1179 conditionem
487 1143 529 1178 et
555 1138 720 1193 generis
746 1138 925 1179 humani
952 1139 1282 1193 pullulationem
1309 1144 1353 1180 et
1379 1154 1481 1180 mox
1507 1139 1704 1180 ultricem

166 1219 410 1273 iniquitatis
434 1219 545 1258 illius
571 1219 665 1258 aeui
691 1219 781 1258 uim
807 1219 1060 1272 cataclysmi
1085 1218 1138 1259 de
1163 1219 1397 1273 praeterito
1423 1233 1598 1259 exorsus
1624 1223 1701 1266 est,

168 1313 243 1352 per
266 1299 623 1339 uaticinationem
648 1312 783 1352 usque
807 1298 863 1339 ad
887 1313 1010 1339 suam
1035 1304 1226 1339 aetatem
1251 1304 1294 1339 et
1317 1299 1518 1353 deinceps
1542 1313 1616 1352 per
1640 1312 1704 1338 res

167 1393 267 1419 suas
290 1379 535 1419 futurorum
557 1379 764 1432 imagines
788 1378 935 1428 edidit,
961 1393 1092 1433 penes
1114 1393 1243 1433 quem
1265 1384 1310 1420 et
1331 1384 1577 1433 temporum
1600 1378 1704 1418 ordo
1726 1396 1766 1426 15

168 1459 359 1512 digestus
391 1459 445 1499 ab
478 1459 600 1499 initio
633 1459 991 1513 supputationem
1023 1459 1181 1500 saeculi
1213 1460 1445 1513 praestitit.
1505 1459 1706 1513 Superior

167 1539 388 1579 inuenitur
411 1539 534 1579 annis
559 1539 725 1580 circiter
749 1540 952 1580 trecentis
977 1554 1109 1593 quam
1132 1539 1201 1580 ille
1225 1539 1552 1593 antiquissimus
1576 1552 1705 1592 penes

169 1633 247 1659 uos
270 1618 449 1659 Danaus
471 1619 515 1659 in
539 1619 674 1673 Argos
698 1619 1023 1669 transuenisset,
1050 1619 1233 1660 Troiano
1258 1619 1443 1673 denique
1466 1619 1625 1673 proelio
1650 1618 1705 1658 ad

171 1699 283 1738 mille
313 1713 448 1739 annos
478 1704 578 1739 ante
609 1704 685 1749 est,
717 1699 831 1740 unde
861 1704 904 1740 et
932 1699 1025 1753 ipso
1055 1698 1255 1740 Saturno.
1316 1699 1562 1740 Secundum
1592 1699 1705 1739 enim

170 1779 393 1819 historiam
419 1780 568 1829 Thalli,
597 1794 682 1833 qua
707 1779 892 1820 relatum
918 1784 983 1820 est
1007 1779 1167 1820 bellum
1191 1779 1465 1833 Assyriorum
1490 1785 1534 1820 et
1558 1779 1704 1820 Satur·
1726 1795 1769 1817 20

169 1873 274 1898 num
302 1859 555 1900 Titanorum
582 1873 723 1913 regem
751 1873 849 1899 cum
876 1859 981 1899 Ioue
1008 1859 1246 1908 dimicasse,
1276 1859 1520 1900 ostenditur
1545 1858 1705 1899 bellum

170 1951 301 1977 cccxx
328 1942 371 1977 et
395 1937 565 1978 duobus
589 1938 712 1978 annis
737 1938 919 1978 Iliacum
945 1938 1110 1978 exitum
1136 1938 1425 1978 antecessisse.
1487 1938 1567 1978 Per
1591 1938 1705 1978 hunc

171 2016 348 2070 Moysen
368 2018 499 2058 etiam
516 2018 588 2058 illa
606 2018 675 2058 lex
694 2018 867 2072 propria
886 2018 1058 2058 Iudaeis
1077 2033 1101 2058 a
1120 2017 1199 2058 deo
1219 2018 1348 2058 missa
1367 2023 1444 2059 est.
1492 2018 1705 2072 Deinceps

171 2097 308 2137 multa
331 2103 374 2138 ct
395 2098 465 2137 alii
487 2098 724 2152 prophetae
745 2098 1005 2138 uetustiores
1025 2097 1181 2138 litteris
1202 2098 1369 2138 uestris.
1430 2097 1544 2138 Nam
1567 2103 1610 2139 et
1631 2099 1704 2152 qui

171 2177 323 2217 ultimo
348 2177 513 2227 cecinit,
540 2183 618 2218 aut
640 2178 910 2231 aliquantulo
935 2178 1228 2231 praecucurrit
1251 2183 1329 2218 aut
1352 2184 1465 2219 certe
1490 2179 1705 2219 concurrit
1725 2195 1742 2216 2
1747 2194 1766 2225 5

172 2261 316 2296 aetate
342 2257 579 2310 sapientiae
605 2257 866 2309 auctoribus,
897 2257 1028 2297 etiam
1054 2256 1265 2297 latoribus
1290 2257 1405 2312 legis.
1467 2258 1564 2311 Cyri
1591 2258 1704 2298 enim

173 2339 215 2374 et
232 2334 350 2374 Darii
367 2348 495 2388 regno
512 2335 596 2375 fuit
611 2335 851 2384 Zacharias,
872 2335 1017 2389 quoin
1033 2340 1228 2389 tempore
1245 2335 1410 2385 Thales,
1428 2336 1705 2390 physicorum

172 2413 381 2466 princeps,
404 2414 640 2454 sciscitanti
661 2414 813 2454 Croeso
834 2414 939 2454 nihil
960 2419 1126 2454 certum
1146 2414 1199 2454 de
1219 2414 1450 2455 diuinitate
1469 2415 1703 2469 respondit,

173 2492 374 2533 turbatus
396 2493 556 2533 scilicet
576 2493 754 2534 uocibus
776 2494 1100 2548 prophetarum.
1161 2494 1290 2535 Solon
1311 2495 1449 2535 eidem
1469 2495 1556 2549 regi
1576 2495 1705 2535 finem

173 2572 324 2626 longae
344 2573 461 2612 uitae
481 2572 740 2613 intuendum
761 2573 1030 2626 praedicauit
1050 2588 1136 2614 non
1157 2574 1281 2615 aliter
1302 2590 1433 2629 quam
1454 2575 1703 2629 prophetae.
1725 2593 1770 2624 30

175 2651 293 2691 Adeo
317 2652 467 2705 respici
491 2658 635 2705 potest
658 2658 750 2692 tam
774 2654 865 2693 iura
890 2659 1034 2694 uestra
1058 2668 1190 2710 quam
1213 2655 1357 2695 studia
1381 2655 1433 2695 de
1455 2655 1545 2709 lege
1568 2655 1706 2708 deque

175 2735 322 2775 diuina
361 2736 556 2776 doctrina
596 2738 850 2791 concepisse.
913 2738 1037 2786 Quod
1076 2739 1193 2792 prius
1233 2745 1308 2789 est,
1350 2739 1431 2780 hoc
1468 2740 1524 2780 sit
1561 2753 1706 2780 semen
