1827 3004
104 131 156 170 86
671 129 1069 170 TERTVLLIANI

104 243 258 284 auibus
281 249 325 284 et
350 243 495 284 bestiis
519 243 816 283 consecrandis
841 248 884 283 et
907 243 1048 297 capite
1071 243 1330 284 damnandis
1353 243 1427 297 qui
1449 243 1637 297 aliquem

105 312 349 352 huiusmodi
393 312 521 352 deum
566 311 781 352 occiderit.
842 311 1086 366 Unicuique
1129 312 1260 353 etiam
1304 312 1551 366 prouinciae
1595 317 1638 352 et

106 380 274 421 ciuitati
300 394 402 420 suus
428 380 533 420 deus
559 385 635 429 est,
664 385 714 420 ut
740 379 887 433 Syriae
912 380 1122 430 Astartes,
1150 386 1200 421 ut
1225 380 1410 421 Arabiae
1434 380 1635 429 Dusares,

105 454 155 489 ut
181 448 347 489 Noricis
374 449 570 497 Belenus,
600 454 650 488 ut
676 448 846 488 Africae
873 448 1088 498 Caelestis,
1116 454 1167 490 ut
1194 448 1479 489 Mauritaniae
1504 448 1636 502 reguli

105 517 182 558 sui.
243 518 476 566 Romanas,
499 522 547 557 ut
565 517 728 570 opinor,
748 517 992 571 prouincias
1010 517 1135 566 edidi,
1156 532 1234 557 nec
1252 523 1399 558 tamen
1417 517 1638 557 Romanos
1656 529 1675 560 5

105 585 207 626 deos
241 600 400 635 earum,
437 586 537 639 quia
571 586 738 626 Romae
770 600 857 625 non
890 586 1026 640 magis
1059 586 1259 626 coluntur
1292 600 1424 640 quam
1458 586 1531 639 qui
1565 599 1639 639 per

103 654 242 707 ipsam
288 668 460 708 quoque
506 654 681 694 Italiam
726 654 975 708 municipali
1022 655 1342 695 consecratione
1387 659 1636 694 censentur:

105 722 414 763 Casiniensium
460 723 759 772 Deluentinus,
807 722 1111 763 Narniensium
1157 723 1416 772 Visidianus,
1464 723 1638 763 Ascula-

104 805 257 831 norum
274 791 502 840 Ancharia,
521 791 853 832 Volsiniensium
870 791 1036 841 Nortia,
1057 791 1408 832 Ocriculanorum
1424 791 1637 839 Valentia,

104 859 376 900 Sutrinorum
411 860 591 909 Hostia;
643 860 909 900 Faliscorum
944 860 987 900 in
1023 860 1229 901 honorem
1265 861 1406 901 Patris
1442 860 1562 901 Curis
1597 865 1641 900 et
1660 876 1702 899 10

104 929 271 982 accepit
311 942 547 983 cognomen
588 929 711 969 Iuno.
773 928 855 969 Sed
895 943 973 969 nos
1013 929 1090 970 soli
1130 943 1324 969 arcemur
1364 944 1387 969 a
1428 928 1641 983 religionis

102 997 380 1050 proprietate.
442 997 673 1038 Laedimus
712 998 934 1038 Romanos
973 1012 1051 1038 nec
1090 998 1277 1038 Romani
1319 997 1528 1038 habemur
1567 996 1641 1050 qui

101 1079 189 1106 non
229 1066 527 1106 Romanorum
567 1066 697 1106 deum
737 1066 928 1107 colimus.
990 1066 1106 1106 Bene
1146 1067 1263 1120 quod
1303 1066 1496 1106 omnium
1537 1065 1643 1106 deus

105 1139 181 1183 est,
216 1135 336 1175 cuius
365 1135 548 1175 uelimus
579 1140 657 1175 aut
685 1135 872 1175 nolimus
902 1149 1051 1176 omnes
1081 1149 1241 1176 sumus.
1303 1135 1386 1175 Sed
1416 1134 1534 1188 apud
1564 1148 1642 1174 uos

106 1203 290 1257 quoduis
329 1203 465 1244 colere
502 1203 568 1244 ius
606 1209 672 1244 est
709 1209 880 1258 praeter
917 1203 1046 1244 deum
1084 1218 1248 1253 uerum,
1290 1204 1412 1257 quasi
1450 1218 1536 1243 non
1576 1203 1643 1242 hic
1663 1219 1702 1249 15

106 1272 242 1326 magis
272 1272 466 1312 omnium
496 1272 553 1313 sit
583 1272 688 1313 deus
718 1272 839 1313 cuius
869 1286 1016 1313 omnes
1047 1287 1207 1313 sumus.

190 1402 263 1443 25.
323 1402 437 1443 Satis
471 1403 647 1457 quidem
681 1403 785 1444 mihi
818 1403 968 1444 uideor
1001 1403 1204 1458 probasse
1238 1403 1291 1444 de
1324 1403 1432 1444 falsa
1467 1408 1510 1444 et
1543 1417 1645 1443 uera

107 1470 351 1521 diuinitate,
375 1485 472 1512 cum
493 1471 789 1512 demonstraui
810 1472 1179 1526 quemadmodum
1200 1472 1399 1526 probatio
1421 1472 1642 1520 consistat,

106 1553 194 1580 non
214 1540 344 1580 modo
366 1540 749 1594 disputationibus,
772 1555 851 1581 nec
873 1541 1335 1595 argumentationibus,
1359 1541 1433 1581 sed
1454 1541 1646 1594 ipsorum

108 1608 239 1649 etiam
277 1609 537 1650 testimoniis
575 1624 683 1663 quos
721 1609 823 1650 deos
861 1610 1046 1659 creditis,
1087 1615 1138 1650 ut
1173 1610 1279 1650 nihil
1316 1610 1403 1650 iam
1441 1609 1497 1650 ad
1536 1609 1647 1649 hanc
1664 1626 1708 1649 20

107 1691 282 1717 causam
317 1677 373 1718 sit
406 1678 747 1719 retractandum.
809 1678 1024 1727 Quoniam
1058 1684 1206 1719 tamen
1240 1678 1428 1718 Romani
1461 1678 1648 1718 nominis

106 1746 277 1800 proprie
314 1747 478 1787 mentio
516 1747 714 1796 occurrit,
754 1761 841 1787 non
879 1747 1081 1788 omittam
1120 1747 1474 1801 congressionem,
1515 1761 1647 1800 quam

107 1819 318 1868 prouocat
362 1814 433 1855 illa
479 1815 775 1870 praesumptio
821 1815 1059 1856 dicentium
1104 1816 1327 1856 Romanos
1372 1830 1448 1869 pro
1494 1815 1647 1855 merito

107 1882 398 1937 religiositatis
430 1883 784 1938 diligentissimae
814 1884 859 1924 in
894 1889 1068 1925 tantum
1100 1884 1382 1924 sublimitatis
1416 1884 1563 1932 elatos,
1599 1888 1649 1923 ut

109 1958 257 1999 orbem
279 1959 544 2013 occuparint,
569 1965 612 2000 et
632 1959 740 2000 adeo
763 1959 865 2000 deos
887 1974 988 2009 esse,
1012 1964 1062 2000 ut
1083 1965 1254 2014 praeter
1278 1965 1442 2000 ceteros
1466 1958 1650 2000 floreant
1667 1973 1708 2005 25

110 2033 183 2086 qui
213 2033 294 2073 illis
324 2033 512 2074 officium
542 2039 713 2089 praeter
742 2039 906 2076 ceteros
935 2034 1112 2075 faciant.
1174 2034 1345 2074 Scilicet
1374 2034 1458 2074 ista
1489 2048 1650 2074 merces

110 2121 134 2147 a
160 2108 369 2148 Romanis
393 2109 483 2149 deis
507 2123 584 2163 pro
609 2108 748 2163 gratia
772 2123 961 2163 expensa
987 2114 1063 2150 est.
1125 2108 1344 2149 Sterculus
1370 2114 1413 2149 et
1440 2108 1649 2149 Mutunus

111 2187 154 2221 et
188 2182 421 2224 Larentina
455 2184 657 2237 prouexit
690 2184 931 2237 imperium.
992 2184 1243 2238 Peregrinos
1279 2184 1391 2223 enim
1426 2183 1529 2224 deos
1564 2198 1646 2223 non

112 2262 262 2309 putem
295 2263 526 2298 extraneae
557 2259 674 2313 genti
706 2259 842 2312 magis
873 2258 1045 2299 fautum
1078 2259 1263 2299 uoluisse
1295 2273 1427 2312 quam
1458 2272 1573 2303 suae,
1608 2264 1652 2298 et

112 2331 302 2383 patrium
330 2332 481 2382 solum,
511 2334 556 2373 in
584 2348 669 2387 quo
697 2333 802 2382 nati,
833 2334 984 2383 adulti,
1014 2333 1233 2374 nobilitati
1262 2333 1505 2387 sepultique
1533 2339 1648 2382 sunt,
1668 2352 1713 2383 30

112 2406 414 2448 transfretanis
443 2408 622 2450 dedisse.
683 2410 850 2451 Viderit
879 2409 1048 2463 Cybele,
1080 2410 1114 2450 si
1144 2410 1294 2450 urbem
1324 2410 1569 2450 Romanam
1599 2414 1650 2449 ut

115 2481 366 2522 memoriam
411 2483 582 2524 Troiani
625 2485 789 2538 generis
832 2485 1069 2533 adamauit,
1115 2485 1334 2525 uernaculi
1378 2484 1443 2525 sui
1487 2484 1654 2524 scilicet

116 2555 322 2597 aduersus
366 2557 631 2598 Achiuorum
675 2573 796 2600 arma
840 2560 1037 2614 protecti,
1085 2560 1118 2600 si
1163 2559 1219 2600 ad
1264 2559 1423 2600 ultores
1468 2558 1651 2599 transire

116 2630 349 2683 prospexit,
381 2646 488 2685 quos
516 2632 681 2674 sciebat
709 2633 932 2674 Graeciam
961 2634 1175 2689 Phrygiae
1204 2633 1523 2674 debellatricem
1552 2633 1649 2673 sub-

117 2708 301 2744 acturos.
361 2705 518 2759 Itaque
557 2707 798 2749 maiestatis
836 2723 939 2749 suae
977 2709 1023 2750 in
1062 2708 1213 2749 urbem
1254 2708 1451 2748 conlatae
1489 2707 1652 2762 grande
1669 2719 1712 2751 35

117 2777 426 2819 documentum
447 2786 597 2821 nostra
617 2781 749 2822 etiam
769 2787 914 2823 aetate
934 2783 1172 2837 proposuit,
1196 2796 1293 2823 cum
1314 2782 1458 2823 Marco
1479 2781 1652 2822 Aurelio
