1827 3004
149 177 192 218 p.
216 165 269 205 44
290 163 317 204 l.
343 163 411 216 32]
610 160 1047 203 APOLOGETIOVS
1083 162 1146 209 12,
1184 160 1232 200 13
1603 158 1684 198 229

149 279 262 333 ipsos
293 278 443 325 uultus,
469 276 589 318 modo
619 276 793 316 numina
825 290 901 316 ora
929 275 1164 329 clepiwyere,
1192 272 1366 314 barbam
1395 271 1531 313 oculos
1561 284 1684 310 nasos

150 346 340 401 aliasque
361 359 498 387 omnes
519 350 677 400 partes,
699 345 743 384 in
767 357 1044 399 quascumque
1065 357 1106 383 se
1127 341 1324 383 detulerit
1344 339 1559 382 deonerati
1583 353 1683 393 pro·

152 415 287 455 lanies
301 413 498 469 podicis?
558 412 673 453 Lacu
698 423 731 452 11
755 414 781 452 4
802 410 840 467 §g
865 413 986 452 1—3.
1018 422 1048 450 V
1074 412 1125 450 12
1147 408 1186 466 ἐξ
1209 412 1260 450 12
1287 411 1350 451 13.
1407 408 1540 451 Clem.
1564 408 1683 448 Alex.

152 483 341 538 Protrep.
363 482 382 538 ξ
411 485 462 523 51
494 497 532 537 p.
565 484 630 522 45.
657 479 675 537 ξ
705 483 758 521 52
785 496 824 536 p.
848 484 901 521 46
924 480 1077 534 (about
1099 478 1333 534 Olympian
1355 478 1476 526 Zeus,
1500 476 1683 531 Serapis,

149 552 261 603 een).
334 551 435 592 Hor.
472 550 514 592 S.
549 562 563 590 1
602 553 626 590 8
661 548 802 591 37—8
836 549 1015 590 mentior
1048 554 1092 589 at
1132 549 1171 589 si
1211 546 1325 602 qnid,
1360 546 1519 588 merdis
1560 551 1685 600 caput
1705 559 1723 590 5

148 621 344 675 inquiner
374 620 482 661 albis
513 635 743 661 coruormn.
806 619 1047 659 Theodorei]
1080 618 1134 658 H.
1154 618 1200 660 E.
1233 629 1263 657 V
1297 619 1349 657 22
1388 617 1510 657 when
1548 615 1683 656 Theo-

150 690 294 746 philus
331 691 389 745 bp
429 689 693 730 Alexandria
728 700 812 731 A.D.
849 690 933 730 390
971 688 1055 728 laid
1092 687 1167 728 the
1203 702 1282 727 axe
1316 693 1360 728 bo
1392 685 1565 741 Serapis
1600 684 1683 725 and

149 759 297 800 struck
329 759 391 800 off
418 758 483 799 his
515 758 648 799 head:
689 756 793 812 μύες
825 755 1042 811 (ἷνγεληδὸν
1073 754 1308 811 ἐξέδραμον
1340 754 1530 796 ἔνδοθεν·
1563 754 1684 806 μυῶν

150 827 234 884 «γὰρ
251 827 500 881 οἰκητήριον
517 826 568 877 ἧν
586 825 606 868 ὁ
626 824 883 880 Αἰγυπτίων
906 824 1012 869 θεός.
1056 824 1225 865 Baruch
1249 826 1273 865 6
1298 825 1478 864 20-22.
1521 822 1683 863 Lucian

151 898 300 938 Gallus
333 898 386 936 24
410 897 433 937 f.
496 897 606 951 Aug.
649 895 694 936 in
728 895 791 936 Ps.
832 897 914 935 113
952 894 1086 936 Serm.
1125 896 1148 934 2
1187 908 1218 934 c.
1257 895 1280 933 2
1313 908 1409 949 p.1n.
1447 896 1514 945 (IV
1553 889 1684 932 1798<¹
1706 906 1748 928 10

151 966 347 1019 Gaume).
411 965 572 1006 Lucian
597 964 721 1019 Iupp.
745 964 866 1019 Trag.
891 966 926 1004 8.

238 1050 276 1091 p.
299 1036 354 1075 44
386 1034 410 1076 l.
442 1036 494 1074 25
528 1043 847 1074 INTELLEGVNT
879 1032 983 1073 Idol.
1008 1033 1057 1071 21
1083 1046 1142 1086 pr.
1175 1030 1420 1072 timiditatis
1450 1034 1507 1071 est
1535 1034 1684 1076 autem,

150 1120 243 1146 cnm
265 1110 300 1146 te
323 1104 437 1144 alius
452 1118 532 1158 per
554 1103 649 1144 cleos
669 1117 764 1143 suos
796 1101 953 1156 obligant
980 1101 1194 1142 iuratione
1219 1100 1285 1141 uel
1315 1100 1459 1154 aliqua.
1491 1097 1684 1152 testifica-

150 1175 268 1222 tione,
292 1179 329 1215 et
350 1179 405 1221 tn,
426 1188 477 1214 ne
497 1172 770 1227 iiitelleyari3‚
792 1171 977 1226 quiescis.

237 1258 275 1298 p.
299 1244 354 1282 44
376 1242 399 1283 ].
425 1241 476 1282 27
501 1252 633 1282 CERTr
666 1256 697 1282 c.
720 1240 837 1281 infin.
862 1242 886 1281 9
910 1255 948 1295 p.
972 1241 1027 1280 34
1052 1242 1074 1279 5
1098 1254 1136 1280 n.
1706 1248 1747 1280 15

238 1323 362 1360 QVOD
396 1322 490 1351 NON
524 1322 602 1351 EST
633 1325 665 1351 c.
700 1312 753 1350 10
785 1324 824 1365 p.
857 1311 911 1351 36
944 1309 968 1350 l.
1004 1310 1067 1350 13.
1129 1307 1183 1348 ad
1214 1313 1300 1348 nat).
1333 1317 1349 1346 Ι
1383 1308 1436 1347 10
1462 1321 1500 1361 p.
1529 1305 1581 1346 75
1612 1305 1636 1347 l.
1660 1306 1683 1346 6

152 1381 276 1421 Wiss.
306 1380 392 1421 nisi
419 1379 529 1434 quod
553 1378 761 1432 perinde:
792 1392 867 1419 nos
891 1378 1001 1419 enim
1022 1381 1318 1431 contemptores
1339 1375 1511 1416 deorum
1541 1373 1686 1415 haberi

148 1450 273 1490 nulla
303 1448 414 1490 ‘ratio
447 1453 516 1496 est,
537 1448 637 1502 quia
662 1461 776 1488 nemo
798 1446 1019 1488 contemnit
1040 1446 1148 1500 qnod
1175 1445 1280 1486 sciat
1303 1444 1468 1485 omnino
1490 1459 1565 1484 non
1591 1457 1684 1485 esse.

150 1519 259 1573 quod
282 1518 447 1559 omnino
470 1522 538 1564 est,
562 1516 610 1557 id
632 1515 836 1557 contemni
852 1521 994 1569 potest,
1017 1514 1126 1569 quod
1147 1514 1256 1554 nihil
1285 1519 1344 1554 est
1372 1512 1481 1553 m'ln'l
1504 1512 1684 1567 potitur.

151 1587 205 1629 St
238 1587 343 1627 Paul
378 1590 398 1626 1
433 1585 527 1628 Cor.
558 1587 582 1625 8
606 1587 631 1625 4
663 1599 717 1624 an
747 1584 832 1624 idol
862 1584 897 1624 is
928 1583 1113 1639 nothing
1143 1583 1188 1623 in
1217 1583 1291 1624 ‘che
1323 1581 1462 1622 world.
1524 1581 1684 1622 Athan.
1704 1596 1749 1618 20

152 1655 298 1698 Contr.
331 1655 494 1696 Gentes
525 1654 579 1694 47
612 1654 647 1706 (Ι
682 1655 755 1694 96ἃ
787 1652 954 1707 Migne)
990 1651 1102 1704 ὅμως
1136 1650 1361 1705 ἄνθρωποι
1395 1650 1684 1706 παράφρονες,

151 1722 593 1780 παραγκωνισάμενοι
625 1720 705 1773 τὴν
736 1719 845 1777 ’πρὸς
877 1723 1031 1762 τοῦτον
1061 1721 1226 1773 ’γνῶσιν
1258 1719 1330 1760 καὶ
1364 1717 1604 1766 εὐσέΒειαν,
1632 1717 1685 1760 τὰ

150 1792 229 1836 οὐκ
261 1794 368 1835 ὄντα
398 1791 484 1846 πρὸ
508 1793 594 1833 τῶν
626 1791 762 1832 ὄντων
790 1788 1024 1841 ἐτίμησαν·
1058 1789 1132 1830 καὶ
1165 1787 1260 1830 ἀντὶ
1292 1790 1369 1829 τοῦ
1401 1788 1534 1831 ὅντως·
1565 1788 1686 1830 ὄντος

151 1866 266 1906 Θεοῦ
288 1863 343 1906 τὰ
364 1862 422 1916 μὴ
446 1862 551 1904 ὄντα
573 1861 875 1912 ἐθεοποιήο-αν.

792 2024 898 2066 CAP.
932 2023 1047 2064 XIII

238 2155 275 2195 p.
299 2141 354 2180 44
376 2140 400 2180 l.
425 2141 477 2181 29
510 2150 644 2179 NOBIS
676 2150 754 2179 DEI
787 2149 903 2178 SVNT
935 2138 982 2178 cf.
1006 2153 1037 2178 c.
1063 2139 1116 2178 10
1139 2151 1198 2192 pr.
1222 2152 1258 2192 p.
1283 2138 1336 2177 36
1361 2136 1383 2176 l.
1410 2138 1472 2176 17.
1705 2151 1748 2183 25

237 2220 263 2249 E
297 2219 557 2249 CONTRARIO
598 2206 685 2249 Cic.
728 2207 846 2249 Caes.
890 2206 999 2261 Nep.
1038 2205 1220 2257 Quintil.
1252 2205 1360 2255 (also
1396 2205 1439 2245 in
1478 2220 1578 2253 -um,
1611 2220 1687 2260 per

151 2280 270 2330 amn).
332 2277 463 2319 Clem.
494 2292 660 2332 recogn.
683 2288 717 2316 ΙΙ
742 2278 793 2317 16
818 2291 876 2331 pr.
902 2278 954 2316 23
978 2277 1042 2317 29.
1078 2286 1129 2315 111
1153 2277 1178 2316 3
1205 2276 1266 2315 19.
1301 2286 1330 2314 V
1353 2277 1406 2315 32
1430 2290 1489 2329 pr.
1523 2286 1589 2314 VII
1613 2276 1638 2315 4
1661 2275 1686 2315 f.

151 2358 237 2387 VIII
262 2348 325 2387 53.
379 2346 495 2400 [And
517 2346 635 2386 often
656 2345 700 2385 in
723 2345 809 2385 late
831 2344 1008 2384 authors
1031 2347 1119 2387 (see
1142 2343 1286 2389 Thes.)
1309 2345 1358 2384 A.
1381 2342 1443 2396 8.]

237 2430 275 2470 p.
308 2416 363 2454 44
394 2415 419 2456 1.
452 2416 506 2455 30
548 2424 825 2454 IRRELIGIOSI
860 2427 891 2453 e.
931 2414 984 2452 28
1017 2427 1054 2467 p.
1093 2414 1148 2453 94
1179 2412 1203 2452 l.
1242 2414 1294 2453 16
1327 2411 1429 2453 adeo
1462 2418 1498 2453 et
1533 2412 1575 2452 in
1606 2412 1684 2453 isto

150 2484 384 2537 irreliqiosi
414 2498 515 2537 eryct
548 2483 644 2523 deos
679 2488 834 2523 uestros
865 2469 1243 2536 deprehendemini.
1306 2480 1480 2522 Exhort.
1511 2480 1625 2522 Cast.
1649 2483 1685 2522 3.
1706 2498 1750 2529 30

151 2552 204 2592 de
228 2558 331 2592 orat.
356 2553 407 2590 12
430 2551 500 2592 fin.
544 2551 646 2591 -itas
668 2550 791 2605 Apol.
815 2551 869 2590 24
891 2564 925 2590 a.
949 2564 1002 2590 m.
1026 2549 1109 2589 and
1134 2549 1239 2590 med.
1265 2549 1366 2603 [and
1391 2551 1442 2589 25
1468 2564 1506 2604 p.
1530 2551 1584 2590 90
1614 2549 1637 2590 l.
1661 2551 1685 2591 6

151 2620 201 2659 A.
225 2619 297 2672 S].

238 2703 276 2742 p.
299 2687 399 2727 441.
424 2688 476 2727 32
509 2697 774 2726 DESTRVITIS
806 2701 837 2726 c.
861 2688 915 2727 46
939 2701 977 2740 p.
1012 2687 1093 2726 128
1122 2685 1145 2726 l.
1174 2685 1196 2726 7
1231 2686 1328 2740 quin
1363 2686 1490 2726 immo
1523 2692 1560 2726 et
1591 2685 1687 2727 deos

153 2763 311 2798 uestros
341 2756 489 2809 palam
521 2755 751 2796 destruunt.

242 2836 282 2864 SI
305 2839 336 2865 c.
360 2826 384 2865 6
407 2838 467 2879 pr.
490 2838 529 2863 n.
552 2838 585 2864 c.
608 2826 633 2864 8
656 2838 694 2879 p.
719 2825 771 2863 28
795 2823 819 2864 l.
843 2825 906 2864 18.
1706 2843 1748 2875 35
