1827 3004
127 150 167 192 p.
196 137 322 179 1301.
348 138 418 190 30]
636 134 1074 177 APOLOGETIOVS
1107 136 1161 174 46
1586 132 1666 171 445

215 267 252 307 Ρ.
289 254 370 293 130
408 252 431 293 l.
466 251 515 292 27
551 251 602 291 ad
646 256 731 291 nat.
774 261 788 289 Ι
832 252 855 291 5
898 250 951 290 ad
993 250 1063 290 fin.
1114 250 1162 291 cf.
1206 248 1367 289 Lucian
1410 246 1666 288 Hermotim.

130 335 204 376 eg.
238 322 407 362 80—82
440 322 513 373 (82
546 320 570 360 f.
603 319 677 360 the
710 324 870 359 master
900 319 946 358 of
974 317 1229 373 philosophy
1260 316 1356 357 bids
1389 316 1462 357 the
1495 322 1668 371 parents

131 390 326 430 examine
360 389 426 429 his
458 403 533 429 son
566 387 680 428 their
710 387 875 427 scholar
906 387 948 427 in
981 387 1154 436 axioms,
1177 385 1417 442 syllogisms
1447 391 1524 426 cet.
1560 384 1595 423 εἰ
1626 382 1670 424 δὲ

131 457 157 511 ἢ
190 457 269 510 τὴν
296 457 461 511 μητέρα
491 458 675 497 ἔτυπτεν
705 455 730 507 ἢ
759 455 1002 510 παρθένους
1031 455 1292 508 συνήρπαζε,
1325 452 1367 495 τί
1395 456 1534 494 ταῦτα
1563 451 1670 506 πρὸς

132 526 205 577 ἐμέ
224 545 236 573 ;
271 527 319 568 ου’
341 525 426 579 ’γὰρ
449 523 731 575 παιδαγωγόν
751 542 804 577 με
827 524 1106 576 ἐπεστήσατε
1128 523 1298 579 τούτῳ).
1693 536 1712 568 5

220 610 258 651 Ρ.
294 598 375 636 130
409 596 430 635 l.
466 598 518 635 28
556 594 781 649 Lightfoot
822 608 875 633 on
913 593 1001 635 Col.
1038 596 1061 633 2
1105 596 1130 634 8
1166 609 1204 649 Ρ.
1245 595 1337 634 245.
1401 593 1512 633 Dict.
1549 591 1672 632 Bible

134 680 208 706 s.u.
239 664 505 720 philosophy.
568 664 650 704 See
683 678 766 718 esp.
800 678 911 703 omn.
944 663 1009 703 De
1043 664 1225 703 Praoscr.
1259 663 1386 703 Haer.
1421 662 1443 703 7
1471 661 1540 702 fin.
1573 661 1674 716 quid

134 749 230 788 erqo
253 734 430 774 Athenis
451 739 487 773 et
510 732 843 786 Hierosolymis?
875 732 976 786 quid
1000 732 1242 773 academiae
1265 738 1301 772 et
1322 730 1537 772 eccles-iae?
1570 729 1675 784 quid

134 803 353 844 haereticis
381 807 417 842 et
451 801 705 841 Christianis
720 802 736 841 ἵ
766 806 911 841 nostru.
932 801 1136 841 institutio
1165 800 1215 841 de
1242 800 1412 855 porticu
1440 799 1674 840 Solomonis

136 877 204 919 est,
236 871 307 925 qui
338 876 374 911 et
404 871 492 924 ipse
523 869 765 910 tradiderat
796 869 1014 909 dominum
1050 870 1091 909 in
1126 869 1394 923 simplicitate
1425 868 1562 909 cordis
1593 880 1674 907 esse
1697 881 1742 904 10

136 939 431 995 quaerendum.
484 938 679 986 uiderint,
702 938 775 992 qui
796 937 978 978 Stoicum
1005 944 1041 978 et
1063 938 1333 978 Platonicum
1357 943 1392 978 et
1413 937 1677 977 dialecticum

139 1009 511 1050 Christicmismum
537 1007 816 1062 protulerunt.
879 1007 994 1047 nobis
1017 1008 1256 1048 eim-iositate
1279 1014 1380 1061 'opu-s·
1402 1021 1480 1047 non
1510 1012 1567 1047 est
1586 1011 1679 1060 post

139 1077 352 1118 Christum
390 1076 541 1125 Iesum,
574 1090 645 1117 neo
680 1076 948 1129 inquisitione
978 1081 1073 1129 post
1107 1076 1382 1129 euangelium.
1455 1074 1509 1115 ib.
1544 1077 1580 1114 8.
1615 1075 1677 1114 14.

140 1147 205 1188 De
238 1145 380 1187 Anim.
415 1148 440 1186 3
476 1160 514 1200 p.
549 1147 631 1185 302
664 1145 687 1186 l.
722 1146 776 1185 30
809 1144 934 1185 Wiss.
996 1144 1061 1185 De
1095 1144 1234 1186 Carne
1268 1144 1430 1185 Christi
1464 1148 1498 1184 5.
1561 1143 1678 1184 Hier.

141 1217 248 1272 Eph.
281 1227 334 1256 III
369 1217 392 1256 6
427 1217 453 1255 4
489 1218 577 1266 (VII
611 1212 744 1267 666¹0).
812 1229 875 1269 ep.
911 1216 964 1254 22
1004 1216 1055 1255 29
1086 1218 1121 1266 (Ι
1161 1216 1278 1266 1140)
1309 1213 1411 1268 quid
1437 1213 1553 1268 facit
1589 1228 1681 1254 cum
1702 1230 1745 1261 15

136 1285 339 1340 psalterio
362 1283 412 1323 H
412 1283 604 1324 oratius?
637 1297 729 1323 cum
752 1282 984 1336 euanyeliis
1006 1282 1162 1322 Maro?
1188 1297 1281 1322 cum
1302 1281 1485 1335 apostolo
1510 1280 1682 1321 Cicero?

143 1354 288 1395 Ritter
319 1353 469 1394 Gesch.
502 1352 578 1393 der
612 1351 719 1392 Phil.
753 1363 768 1391 Ι
806 1353 889 1392 362
909 1354 941 1403 )(
962 1351 1117 1391 lustin.
1148 1351 1269 1405 Apol.
1304 1362 1318 1390 Ι
1351 1352 1404 1390 46
1436 1349 1564 1401 <Otto
1596 1349 1680 1389 incl.

145 1439 217 1465 su.
251 1423 419 1477 Logos).
481 1421 636 1462 Iustin.
669 1421 780 1462 Dial.
815 1421 866 1462 75
901 1422 956 1473 (ἲ)
988 1420 1112 1473 (with
1148 1420 1222 1461 the
1255 1420 1323 1460 old
1356 1421 1485 1471 man).
1548 1418 1680 1460 Clem.

142 1494 262 1535 Alex.
292 1493 448 1534 strom.
471 1503 520 1532 VI
542 1506 573 1532 c.
599 1491 650 1532 17
674 1490 693 1546 ξ
716 1493 808 1532 160.
870 1491 919 1532 ef.
950 1491 1075 1531 Prud.
1105 1490 1249 1532 Contr.
1279 1489 1439 1544 Symm.
1463 1489 1620 1541 (where
1639 1490 1682 1539 '.2).

144 1562 313 1604 Firmio.
337 1573 423 1602 VIII
453 1563 476 1602 6
504 1559 571 1616 §4
603 1561 727 1602 aliud
759 1575 807 1601 ex
827 1560 975 1616 fronte
997 1560 1265 1614 pollicentur,
1289 1559 1408 1599 uliud
1435 1558 1610 1598 latenter
1640 1558 1681 1597 in
1704 1571 1751 1593 20

145 1632 329 1673 moribus
351 1631 509 1672 celant:
540 1636 635 1671 sunt
656 1631 765 1671 enim
787 1636 957 1671 austera
968 1630 1099 1684 faeie,
1120 1629 1295 1683 prolioea
1316 1627 1456 1673 barba,
1481 1627 1685 1667 obstinata

136 1701 293 1757 fronte,
329 1705 374 1740 ut
415 1699 584 1740 Catonis
619 1714 799 1754 prorsus
832 1699 1067 1739 institutioni
1111 1698 1278 1738 ‘imitari
1320 1697 1546 1737 uideantur
1562 1711 1573 1741 ‚·
1615 1695 1686 1736 sed

145 1776 277 1812 totum
312 1769 384 1810 hoc
409 1768 560 1823 fucato
596 1768 855 1809 mentimitur
886 1768 1064 1822 affeetu;
1105 1772 1201 1807 sunt
1238 1767 1347 1806 enim
1382 1771 1536 1805 natura
1571 1771 1686 1818 petu-

148 1841 292 1887 lantes,
316 1838 479 1886 lasciui,
501 1852 663 1891 semper
691 1837 997 1878 desideriorum
1020 1837 1177 1891 prauie
1205 1851 1253 1876 ae
1277 1835 1512 1875 libidinosis
1543 1834 1686 1887 uolup-

148 1907 302 1950 tatibus
337 1907 545 1962 inplieati‚
577 1912 614 1947 et
652 1906 724 1961 qui
761 1906 937 1946 latenter
970 1919 1162 1945 amorum
1201 1903 1499 1958 eupiditatibus
1529 1917 1689 1956 Semper
1706 1918 1751 1949 25

148 1981 390 2019 eoeaestuent.
453 1975 668 2030 Athen-ag.
705 1977 753 2014 11
788 1989 826 2029 p.
861 1972 945 2014 11d.
1008 1974 1166 2013 Minue.
1199 1975 1262 2013 38.
1326 1971 1451 2027 Cypr.
1485 1971 1550 2011 De
1583 1971 1686 2011 Bon.

150 2047 239 2087 Pan.
264 2048 290 2087 3
316 2044 495 2100 (quoted
526 2044 659 2084 above
692 2059 746 2084 on
777 2058 815 2098 p.
841 2045 922 2084 128
953 2042 976 2083 1.
1001 2043 1083 2094 30).
1148 2041 1357 2096 Epiphan.
1382 2041 1580 2080 Ancorat.
1607 2038 1685 2080 107

150 2111 283 2163 (cited
310 2111 367 2166 by
396 2109 591 2151 Semisch
624 2121 637 2149 Ι
662 2111 714 2149 12
739 2109 844 2164 Eng.
869 2110 950 2161 ¹011).
1014 2108 1181 2162 Eulogy
1211 2107 1258 2146 of
1286 2105 1539 2160 philosophy
1571 2104 1687 2159 Orig.

153 2180 298 2222 Contr.
321 2178 430 2221 Cels,
455 2191 469 2219 Ι
494 2181 529 2220 9.
593 2178 728 2220 Clem.
752 2178 873 2218 Alex.
898 2177 1054 2218 Strom.
1078 2187 1125 2216 IV
1147 2174 1185 2231 §g
1207 2178 1272 2217 63.
1298 2175 1361 2216 71.

237 2264 274 2304 p.
302 2250 383 2289 130
405 2248 428 2288 l.
454 2250 506 2289 29
537 2258 692 2288 FAMAE
718 2257 1010 2287 NEGOTIATOR
1040 2245 1213 2285 Hieron.
1237 2259 1300 2299 ep.
1323 2243 1395 2297 (ad
1430 2242 1690 2288 Pammach.)
1709 2259 1756 2292 30

153 2319 206 2359 66
248 2316 267 2373 ξ
303 2320 338 2358 8.
400 2316 454 2357 ib.
500 2319 581 2356 118
622 2314 641 2372 ξ
683 2320 705 2355 5
747 2315 852 2355 both
894 2314 1007 2355 cited
1051 2314 1183 2354 below
1225 2328 1256 2353 c.
1294 2312 1346 2352 47
1391 2327 1429 2367 p.
1468 2313 1549 2351 132
1592 2311 1616 2350 l.
1654 2313 1690 2352 9.

155 2386 279 2441 Kaye
315 2387 407 2426 163.

240 2470 277 2510 p.
304 2456 386 2495 130
408 2454 432 2494 l.
456 2455 510 2494 30
533 2463 770 2493 OPERATOR
801 2467 840 2493 u.
859 2452 882 2493 l.
905 2451 949 2492 in
972 2467 1005 2492 c.
1028 2453 1081 2492 23
1104 2466 1142 2506 Ρ.
1161 2466 1217 2492 m.
1267 2449 1383 2490 Laet.
1406 2449 1535 2490 Firm.
1560 2449 1690 2490 math.

155 2523 271 2578 uulg.
305 2521 468 2562 Paulin.
501 2521 600 2561 Nol.
628 2535 691 2575 ep.
723 2525 745 2559 5
783 2523 835 2561 10
858 2521 880 2560 f.
914 2520 1014 2574 [add
1047 2520 1157 2560 Iren.
1183 2520 1254 2559 lat.
1283 2518 1367 2558 Hil.
1400 2518 1517 2558 Hier.
1547 2520 1572 2557 4
1600 2533 1691 2558 exx.

156 2592 239 2633 and
257 2592 366 2646 Aug.
387 2594 411 2632 9
429 2605 522 2630 exx.
539 2597 585 2630 at
607 2590 726 2631 least.
751 2589 868 2631 Oros.
931 2589 982 2629 A.
1001 2588 1075 2642 S.].
1128 2587 1383 2643 Opposition
1407 2588 1454 2627 of
1479 2586 1590 2626 word
1608 2586 1693 2626 and
1712 2601 1756 2633 35

157 2660 275 2701 deed.
337 2659 436 2700 Sen.
467 2673 531 2713 ep.
567 2658 644 2698 117
678 2658 698 2713 ξ
729 2661 782 2699 33
805 2673 842 2698 n.
877 2657 1197 2712 [unpublished.
1259 2657 1308 2697 A.
1333 2656 1406 2710 S.].
1468 2654 1593 2711 Cypr.
1628 2655 1692 2695 De

156 2729 276 2769 Bono
299 2727 486 2768 Patient.
508 2729 533 2768 3
555 2726 731 2781 (quoted
757 2741 809 2766 on
833 2741 872 2780 Ρ.
896 2728 977 2766 128
1001 2726 1023 2766 l.
1047 2727 1133 2777 30).

247 2807 554 2838 AEDIFICATOR
572 2797 605 2849 )(
625 2801 815 2836 vastator
846 2796 956 2850 Aug.
980 2810 1043 2850 ep.
1070 2797 1150 2835 185
1176 2796 1226 2833 22
1251 2809 1309 2848 pr.
