1827 3004
89 123 132 162 p.
160 111 236 150 146
257 109 284 150 1.
308 110 353 161 4]
594 107 1029 150 APOLOGETICVS
1061 110 1115 150 50
1539 109 1620 148 483

88 223 362 265 seminatione
389 237 468 277 per
498 228 626 263 totum
660 222 865 263 mundum
890 223 1030 276 facta,
1061 237 1173 276 36963
1202 223 1387 264 surrexit
1419 223 1621 264 ecclesiae.

92 295 147 334 40
171 295 192 332 1
217 306 256 347 p.
275 307 328 333 m.
350 293 419 343 (IV
443 289 566 342 490b)
588 290 644 332 ad
666 291 1042 345 multiplicandam
1063 292 1274 332 ecclesiam
1297 291 1437 332 ualuit
1456 297 1623 333 sanctus

90 361 263 415 sanyuis
288 360 452 415 effusus,
473 361 742 401 seminationi
772 361 939 402 accessit
971 366 1007 401 et
1039 375 1149 401 mors
1180 366 1428 414 martyrum.
1491 360 1543 401 ib.
1569 362 1621 401 58

93 430 227 472 Serm.
264 433 284 471 1
323 428 342 486 ξ
377 431 404 470 4
438 444 476 484 p.
511 445 564 470 m.
607 430 761 484 effusus
794 436 852 470 est
892 445 1071 483 maynus
1111 436 1148 471 et
1187 430 1344 470 multus
1384 436 1623 484 martyrum

89 500 289 554 sanquis:
334 514 413 553 quo
458 499 585 554 effuso
632 505 849 553 tamquam
893 500 1102 540 seminata
1146 514 1258 553 36963
1300 500 1491 540 ecclesiae
1525 498 1621 552 fer-
1642 511 1661 541 5

90 568 210 609 tilius
248 567 486 622 pullulauit
529 572 566 607 et
611 572 739 608 totum
793 568 996 608 mundum
1037 568 1144 609 sicut
1191 583 1299 609 nunc
1347 568 1623 622 conspicimus

90 636 319 691 occupauit.
395 636 448 676 78
482 637 533 675 15
567 649 604 690 p.
629 650 681 675 m.
743 638 797 675 88
832 634 874 676 S.
915 638 934 675 1
975 638 1028 676 10
1064 651 1102 691 p.
1135 651 1188 676 m.
1226 642 1433 690 martyres
1463 635 1622 682 occidit,

89 705 253 746 semina
280 704 502 758 sanyuinis
526 704 697 758 sparsit,
728 718 839 757 36963
871 705 1063 745 ecclesiae
1088 705 1335 759 pullulauit.
1400 707 1479 744 118
1503 703 1544 745 S.
1567 706 1620 745 32

91 774 116 814 6
139 773 209 814 fin.
241 779 279 814 et
309 772 402 827 quis
432 787 509 813 non
543 772 687 813 uideat
718 778 923 826 quantum
959 773 1175 814 adiuuerit
1206 773 1418 814 ecclesiam
1448 773 1622 826 sanquis

91 842 316 883 ecclesiae?
357 847 515 896 quanta
558 856 606 882 eoe
641 841 723 882 illa
758 848 934 882 semente
975 857 1086 895 36963
1122 848 1202 883 toto
1239 842 1331 883 orbe
1361 842 1684 883 surrexerit?1o

94 912 176 952 134
211 913 266 951 24
297 925 351 951 m.
393 909 587 951 uolebant
617 924 778 965 paucos
811 909 1074 951 Christianos
1105 911 1371 964 eoestinyuere,
1413 910 1620 959 occidere;

90 979 338 1034 sanquinem
377 978 623 1034 fuderunt:
681 978 732 1019 cle
781 978 987 1032 sanquine
1038 979 1265 1020 occisorum
1320 979 1430 1020 tanti
1479 994 1621 1020 eoesuvr-

91 1053 296 1096 rexerunt,
337 1063 364 1088 a
405 1046 558 1102 quibus
595 1047 665 1087 illi
705 1045 989 1100 inteifectores
1029 1053 1270 1102 martyrum
1309 1053 1621 1102 superarentur.

94 1119 176 1158 140
219 1118 272 1158 20
313 1116 382 1157 fin.
427 1122 465 1158 et
506 1116 609 1171 quid
652 1122 710 1157 est
739 1115 912 1171 factum
953 1116 1004 1157 de
1046 1122 1103 1157 tot
1143 1116 1343 1158 mortibus
1384 1122 1623 1171 martyrum

92 1186 177 1226 nisi
211 1192 257 1227 ut
296 1186 393 1241 ipsa
436 1185 560 1227 uerba
595 1185 910 1239 praeualerent,
951 1190 987 1226 et
1028 1191 1246 1240 tamquam
1280 1186 1467 1239 irriyata
1508 1191 1623 1226 terra
1643 1202 1685 1233 15

90 1256 296 1310 sanguine
345 1256 512 1297 testium
563 1254 724 1296 Christi
767 1255 1008 1309 pullularet
1053 1254 1200 1309 ubique
1249 1269 1360 1308 36963
1404 1254 1624 1296 ecclesiae?

91 1327 140 1367 cf.
180 1328 228 1366 21
274 1326 343 1378 (IV
382 1326 511 1366 2243ο
554 1326 714 1377 22443).
787 1323 1070 1364 ΕΤίθᾶΙᾰηάεὲΓ
1111 1329 1180 1364 111⁵
1222 1326 1304 1365 636
1345 1339 1383 1364 n.
1423 1326 1443 1363 1
1488 1323 1625 1378 citing

92 1395 284 1437 Gieseler
315 1407 330 1436 Ι
364 1395 417 1436 70
450 1397 516 1436 21.
577 1394 831 1435 Tzschirner
860 1393 1041 1435 170—1.
1103 1393 1238 1434 Blunb
1271 1392 1405 1448 Right.
1436 1392 1523 1434 Use
1555 1407 1622 1448 pp.

93 1466 330 1506 239—241.

179 1548 217 1588 p.
253 1535 334 1575 146
367 1533 390 1574 l.
424 1535 450 1574 3
482 1532 640 1573 Minue.
677 1534 732 1573 38
763 1530 782 1587 ἓ
816 1533 840 1572 6
872 1546 954 1573 non
998 1531 1115 1585 <qui
1134 1542 1166 1572 >
1201 1545 1279 1571 non
1325 1529 1469 1570 habitu
1510 1530 1624 1584 sapi·
1644 1549 1688 1571 20

92 1603 249 1643 entiam
291 1601 363 1643 secl
409 1607 541 1642 mente
584 1600 887 1655 praeferimus,
934 1615 1015 1641 non
1067 1599 1299 1653 eloquimur
1348 1613 1503 1652 magma
1554 1598 1625 1639 sed

94 1671 290 1711 uiuimus.

181 1751 620 1788 TANTOS...QVANTOS
642 1754 754 1795 supr.
773 1754 804 1780 c.
823 1741 878 1779 40
896 1753 955 1794 pr.
974 1753 1011 1793 p.
1039 1740 1118 1779 116
1142 1738 1165 1779 l.
1186 1737 1250 1778 17.
1295 1737 1550 1777 Btinemann
1572 1751 1625 1776 on

96 1810 290 1851 Lac-tant.
321 1822 336 1850 Ι
368 1813 393 1851 3
424 1808 444 1865 ξ
475 1812 540 1851 21.

182 1894 222 1934 p.
258 1881 339 1920 146
372 1879 395 1918 l.
429 1881 455 1919 4
487 1889 756 1919 OBSTINATIO
785 1892 898 1932 supr.
928 1892 960 1918 6.
995 1877 1044 1917 27
1079 1891 1139 1932 pr.
1172 1875 1346 1930 quidam
1378 1874 1626 1915 dementiam
1647 1894 1689 1926 25

94 1949 346 1995 esci-stimant,
388 1948 497 2002 quod
537 1963 631 1989 cum
666 1947 879 2002 possimus
910 1952 947 1988 et
977 1946 1220 2000 sacrificare
1255 1945 1297 1985 in
1337 1943 1552 1998 praesenti
1591 1948 1627 1983 et

95 2018 251 2058 inlaesi
282 2017 397 2058 abire
433 2023 625 2058 *manente
662 2016 778 2070 apud
821 2016 1012 2056 animum
1048 2014 1274 2068 proposito,
1317 2012 1624 2053 obstinationem

95 2087 230 2128 saluti
267 2086 579 2142 praeferamus.
652 2086 707 2127 ib.
741 2086 812 2126 fin.
854 2085 949 2126 illos
990 2098 1217 2138 numquam
1255 2082 1392 2136 mayis
1427 2081 1627 2123 detrium-

95 2155 286 2210 phamus,
334 2170 462 2209 quam
504 2170 598 2197 cum
635 2170 718 2210 pro
754 2155 863 2210 fidei
906 2153 1178 2195 obstinatione
1221 2152 1488 2192 damnamur.
1562 2149 1627 2189 De

98 2223 289 2279 Spectac.
322 2226 341 2263 1
368 2238 405 2279 p.
431 2226 452 2263 1
478 2224 501 2264 l.
527 2226 579 2264 18
604 2223 726 2264 VViss.
749 2230 845 2264 sunt
876 2223 949 2277 qui
979 2222 1219 2263 eoeistimant
1253 2218 1628 2259 Christianos...ad
1647 2235 1691 2266 30

97 2294 204 2334 hanc
236 2293 551 2334 obstinationem
582 2293 842 2334 abdicatione
873 2291 1159 2345 uoluptatium
1191 2288 1366 2335 erudiri,
1404 2302 1487 2342 qua
1509 2286 1627 2341 faci-

100 2362 184 2403 lius
226 2363 362 2403 uitam
404 2368 664 2404 contemnant
705 2361 939 2416 amputatis
982 2360 1108 2414 quasi
1147 2357 1392 2399 retinaculis
1431 2357 1520 2397 eius
1560 2370 1630 2396 nec

100 2431 345 2479 desiderent,
378 2445 507 2485 quam
538 2431 629 2472 iam
660 2444 969 2485 superuacuam
1005 2428 1086 2469 sibi
1115 2427 1323 2482 fecerunt,
1359 2431 1404 2466 ut
1434 2424 1506 2466 hoc
1536 2439 1628 2465 con-

99 2499 196 2540 silio
232 2500 376 2553 potius
405 2504 443 2540 et
473 2499 656 2539 humano
685 2503 918 2553 prospectu,
961 2511 1042 2537 non
1078 2495 1224 2535 diuino
1260 2492 1524 2547 praescripto
1560 2492 1628 2533 de-

90 2568 266 2622 finitum
288 2567 558 2609 existimetur.
600 2567 654 2607 ad
670 2573 757 2608 nat.
774 2577 789 2606 Ι
810 2568 862 2606 18
880 2579 940 2620 pr.
958 2564 1167 2618 reliquum
1184 2561 1471 2603 obstinationis
1491 2560 1537 2600 in
1553 2560 1629 2601 illo
1650 2577 1668 2608 3
1674 2576 1693 2608 5

100 2637 282 2691 capitulo
304 2637 525 2686 collocatis,
549 2636 657 2691 quod
680 2650 804 2690 neque
834 2634 1004 2688 yladios
1024 2646 1151 2686 neque
1173 2645 1311 2672 cruces
1332 2644 1461 2684 neque
1482 2629 1631 2670 bestias

102 2711 274 2752 uestras,
299 2720 380 2746 non
413 2705 562 2759 iynem,
590 2719 667 2745 non
700 2708 916 2749 tormenta,
943 2701 988 2742 ob
1019 2700 1248 2741 duritatem
1276 2713 1324 2740 ac
1357 2703 1629 2751 contemptum

100 2774 259 2823 mortis,
305 2775 446 2816 animo
489 2788 735 2816 recusemus.
808 2773 856 2813 cf.
904 2771 957 2811 ib.
1003 2770 1182 2810 17—19.
1250 2768 1388 2823 Epicu.
1431 2768 1560 2821 [=1v
1605 2766 1627 2807 7

1393 2853 1522 2890 31—‘3
