1827 3004
180 117 260 156 216
742 114 1141 154 TERTVLLIANI
1423 114 1481 169 [p.
1506 115 1557 153 38
1580 113 1607 154 1.
1632 115 1711 154 9--

180 229 274 269 illos
305 228 489 269 homines
519 234 555 269 et
586 233 767 282 ayrestes
797 228 933 268 multa
965 228 1114 276 docuit,
1144 234 1189 269 ut
1223 227 1455 269 Graeculus
1484 233 1521 269 et
1542 227 1714 282 politus,

182 299 346 339 litteras
366 298 621 351 imprimere,
644 311 835 337 nummos
854 297 1035 351 siqnare,
1056 298 1337 338 instrumenta
1367 297 1571 352 conficere.

269 382 306 421 p.
331 368 384 406 :38
408 366 432 405 l.
457 368 508 406 10
531 376 752 405 SIGNATVS
776 376 971 406 NVMMvs
994 365 1121 407 Macr.
1145 365 1234 407 Sat.
1259 378 1273 406 I
1298 365 1320 407 7
1343 364 1432 421 §22
1455 366 1483 406 J
1486 381 1550 406 an.

268 446 397 474 HOMO
419 435 466 474 cf.
485 432 570 476 Cio.
594 433 639 474 in
661 434 779 474 Lacb.
795 433 893 474 Diu.
912 433 1018 474 Inst.
1038 446 1052 474 I
1078 436 1128 475 15
1151 432 1170 490 ξ
1193 436 1244 476 19
1269 449 1352 488 seq.
1405 434 1563 475 Arnob.
1582 445 1631 473 IV
1650 435 1714 474 29.

142 519 161 550 5
183 503 396 558 A‘nhenag.
422 506 474 543 28
497 518 537 558 p.
561 505 653 543 150.
718 505 769 545 29
800 518 839 558 p.
871 505 954 544 154
983 504 1220 559 (examples
1252 504 1453 555 28—30).
1517 502 1639 558 Sibyl
1672 502 1716 542 in

183 571 290 612 Otto
323 583 372 611 IX
395 573 577 612 463-4.

269 655 307 695 p.
330 642 384 680 38
407 640 430 680 l.
457 642 505 680 11
531 650 594 680 Ex
616 650 798 680 HOMINE
821 640 869 680 cf.
893 654 930 694 p.
954 641 1008 680 38
1032 640 1056 680 l.
1080 642 1145 682 23.

269 707 322 748 ad
349 714 436 749 nat.
468 719 502 748 ΙΙ
527 710 579 748 12
609 723 646 763 p.
679 709 759 749 116
790 708 813 748 l.
840 710 889 748 21
917 708 1041 749 XViss.
1065 724 1189 763 neque
1211 709 1500 751 enim...nobis
1521 709 1720 750 eoecidisse

183 778 295 820 debet
331 793 492 819 omnem
528 785 699 833 patrem
729 778 844 833 filiis
885 779 1177 833 antiquiorem,
1215 786 1302 821 tam
1342 780 1576 821 Saturnum
1617 779 1720 820 Ioue

122 867 163 888 10
183 863 311 903 quam
344 848 516 889 Caelum
547 848 754 889 Saturno:
785 847 836 889 de
868 848 993 890 Caelo
1026 849 1136 889 enim
1167 855 1204 890 et
1235 848 1369 890 Terra
1400 848 1622 890 Saturnus.

271 928 330 957 DE
372 927 517 957 CAELO
554 917 622 970 (ef.
664 917 688 957 1.
728 918 793 965 16,
826 932 858 958 o.
896 918 933 965 4,
974 932 1012 972 p.
1054 919 1116 966 16,
1159 917 1183 958 l.
1226 918 1538 970 21)...TERRAE
1576 928 1720 957 FILIOS

186 986 342 1027 Minue.
376 989 428 1026 22
466 984 484 1042 ξ
518 988 690 1026 II=21
724 985 743 1041 ἓ
780 989 805 1026 8
839 986 970 1026 Halm
1004 986 1183 1041 (quoted
1214 987 1271 1042 by
1305 987 1419 1027 Lacu.
1460 998 1475 1026 I
1509 989 1559 1027 11
1594 985 1613 1042 ξ
1647 988 1721 1039 55)

184 1057 301 1098 homo
332 1057 467 1110 iyitur
496 1056 639 1110 utique
670 1056 742 1110 qui
767 1055 897 1110 fuyit,
929 1056 1048 1097 homo
1080 1056 1219 1110 ‘utique
1255 1057 1329 1110 qui
1362 1056 1497 1106 latuit,
1530 1062 1565 1097 et
1595 1062 1722 1110 pater

184 1125 365 1166 hominis
400 1130 438 1166 et
472 1130 597 1165 natus
629 1139 679 1166 esc
714 1124 889 1174 homine,
923 1130 1060 1166 terrae
1096 1126 1207 1166 enim
1241 1131 1278 1166 et
1314 1124 1422 1166 caeli
1447 1125 1580 1179 filius,
1614 1125 1722 1179 quod

124 1209 164 1240 15
186 1194 302 1248 apud
330 1194 470 1235 Italos
500 1199 601 1235 esset
632 1194 786 1247 iynotis
815 1193 1059 1248 parentibus
1083 1193 1293 1248 proditus,
1325 1199 1370 1235 ut
1399 1194 1445 1234 in
1476 1193 1723 1235 hodiernum

185 1264 401 1318 inopinato
444 1264 555 1304 uisos
592 1264 701 1305 caelo
737 1264 896 1313 missos,
938 1263 1137 1318 iynobiles
1170 1270 1207 1305 et
1246 1264 1405 1318 iynotos
1437 1270 1574 1306 terrae
1605 1264 1725 1319 filios

186 1332 463 1374 nominamus.
508 1332 618 1373 Petr.
636 1335 689 1373 43
712 1333 742 1372 F
745 1348 774 1373 r.
819 1332 905 1374 Cio.
926 1333 991 1373 Ad
1011 1332 1127 1373 Fam.
1146 1344 1213 1373 VII
1232 1334 1256 1374 9
1278 1331 1349 1388 §3
1394 1333 1500 1374 Otho
1518 1333 1722 1388 SpriChw.

187 1405 283 1443 344.
347 1402 440 1443 qu.
474 1406 498 1442 8
533 1402 613 1443 257
651 1408 790 1444 terrae
815 1403 998 1457 parenti.
1060 1404 1086 1442 4
1119 1404 1173 1444 98
1209 1417 1248 1443 n.
1282 1402 1433 1443 ‘malim
1457 1402 1725 1457 fiaterculus

186 1486 269 1512 esse
298 1472 495 1525 yiqantis.
558 1471 773 1512 Ammian.
798 1483 901 1511 XXII
932 1473 955 1511 2
989 1473 1015 1511 4
1044 1477 1261 1525 tamquam
1287 1471 1513 1512 demissum
1541 1472 1725 1526 aliquem

125 1558 169 1580 20
189 1541 337 1582 uisura
368 1541 418 1582 de
448 1541 570 1582 caelo.
634 1541 790 1596 Paneg.
825 1544 847 1581 5
886 1543 938 1582 19
971 1542 1074 1594 (146
1109 1543 1159 1580 11
1186 1541 1252 1594 B.)
1284 1555 1404 1595 quem
1436 1547 1480 1581 ut
1513 1541 1625 1582 caelo
1657 1541 1725 1582 de-

189 1611 357 1666 lapsum
387 1610 657 1652 intuebantur
692 1609 873 1664 (Archiv
905 1611 931 1651 f.
962 1611 1034 1652 lab.
1070 1610 1169 1651 Lex.
1206 1622 1273 1650 VII
1307 1612 1488 1658 610-1,
1522 1621 1607 1650 VIII
1641 1613 1725 1663 25).

189 1679 305 1721 Lacb.
328 1679 425 1720 Diu.
450 1680 556 1720 Ins‘o.
580 1691 633 1719 III
657 1681 710 1720 20
732 1677 751 1735 ξ
774 1678 807 1720 7.
870 1680 920 1721 of.
947 1691 963 1719 I
993 1681 1040 1719 11
1065 1677 1084 1734 ᾗ
1107 1682 1158 1719 55
1187 1679 1261 1720 Bij.
1285 1690 1314 1718 V
1342 1681 1366 1719 8
1395 1676 1414 1734 ξ
1443 1680 1466 1718 2
1489 1679 1592 1733 quid
1614 1679 1727 1720 uobis

188 1749 356 1789 inanem
383 1748 593 1789 iustitiam
621 1747 849 1802 depinqitis
877 1754 913 1789 et
941 1748 1096 1802 optatis
1121 1747 1269 1789 cadere
1291 1747 1340 1788 de
1363 1747 1487 1795 caelo,
1510 1753 1725 1802 tamquam

189 1817 235 1857 in
257 1817 400 1872 aliquo
421 1817 651 1858 simulacro
663 1816 916 1871 flyuratam.

129 1903 171 1934 25
278 1900 316 1940 p.
339 1887 393 1926 38
420 1885 443 1925 l.
469 1887 521 1925 18
550 1896 695 1925 TACEO
724 1896 847 1933 QVOD
878 1885 970 1925 Val.
1002 1884 1114 1925 Max.
1147 1896 1195 1924 IV
1227 1886 1253 1924 4
1287 1886 1310 1925 9
1344 1890 1454 1926 taceo
1483 1885 1591 1926 enim
1620 1885 1729 1939 quod

186 1954 385 2009 princeps
407 1953 594 1995 ciuitatis
607 1953 754 2008 filiam
776 1954 814 1994 ei
834 1959 1011 2007 nuptum
1033 1953 1159 1994 dedit.

280 2038 317 2077 p.
351 2024 405 2063 38
438 2023 462 2064 l.
496 2024 559 2063 21.
623 2022 839 2063 Heraldus
880 2027 1032 2076 quotes
1073 2021 1250 2062 Aristob.
1291 2021 1417 2062 Rhet.
1460 2033 1493 2061 ΙΙ
1529 2023 1581 2061 23
1615 2020 1634 2077 ξ
1676 2024 1728 2063 26

194 2107 229 2146 p.
257 2089 388 2132 1400b
409 2093 435 2131 4
477 2089 615 2136 ἄλλος
639 2089 857 2138 <τόπος>,
880 2090 984 2132 ὅταν
1008 2108 1049 2131 τι
1074 2090 1265 2132 ἐναντίον
1286 2089 1432 2143 μέλλῃ
1452 2090 1730 2144 πράττεσθαι

195 2163 282 2204 τοῖς
325 2159 659 2214 πεπραγμένοις,
703 2158 793 2212 ἅμα
835 2162 1032 2207 σκοπεῖν,
1075 2158 1164 2200 οἷον
1206 2157 1459 2214 Ξενοφάνης
1500 2158 1731 2203 Ἐλεάταις

133 2246 177 2277 30
196 2230 416 2284 ἐρωτῶσιν
448 2228 485 2270 εἰ
517 2227 656 2270 θύωσι
690 2230 742 2282 τῇ
773 2227 997 2286 Λευκοθέᾳ
1027 2226 1101 2269 καὶ
1133 2227 1351 2283 θρηνῶσιν
1377 2227 1401 2278 ἢ
1423 2226 1494 2280 μὴ,
1517 2229 1730 2279 συνεβού-

197 2304 330 2347 λευεν,
354 2297 390 2338 εἰ
411 2297 487 2349 μὲν
514 2297 610 2339 θεὸν
632 2297 1042 2348 ὑπολαμβάνουσιν.
1065 2295 1125 2350 μὴ
1159 2296 1341 2351 θρηνεῖν,
1364 2295 1401 2337 εἰ
1429 2295 1463 2336 δ’
1488 2296 1732 2352 ἄνθρωπον,

197 2365 255 2418 μὴ
281 2366 404 2407 θύειν.
457 2365 639 2421 Capitol.
662 2366 807 2407 Aurel.
832 2368 884 2406 18
911 2364 930 2421 ξ
959 2368 982 2406 2
1005 2371 1225 2420 tantusque
1244 2366 1366 2406 illius
1392 2381 1513 2406 amor
1538 2381 1580 2407 eo
1608 2366 1727 2407 die...

199 2437 364 2485 claruit,
403 2442 443 2477 ut
483 2451 601 2477 nemo
637 2436 764 2477 illum
799 2436 1090 2491 planyendum
1123 2436 1336 2485 censuerit,
1373 2436 1495 2476 certis
1535 2435 1734 2484 omnibus,

198 2505 306 2559 quod
331 2505 382 2545 ab
411 2505 477 2545 dis
505 2505 790 2546 commodatus
818 2504 875 2545 ad
896 2505 993 2546 deos
1022 2504 1206 2546 redisset.
1268 2503 1336 2546 On
1358 2504 1581 2545 Drusilla's
1602 2506 1732 2546 death

137 2589 179 2619 35
201 2586 283 2615 A.D.
321 2577 387 2623 38,
421 2575 471 2615 D.
506 2574 619 2616 Cass.
654 2586 732 2615 LIX
766 2577 815 2614 11
851 2574 995 2616 αἰτίαν
1026 2591 1072 2615 τε
1103 2574 1265 2618 πάντες
1297 2572 1453 2627 ὁμοίως
1485 2572 1616 2630 εἶχον,
1653 2574 1730 2616 εἴθ’

202 2642 404 2694 ἥσθησαν
427 2643 502 2685 ἐπί
523 2661 606 2685 τινι
630 2644 684 2687 ὡς
705 2642 982 2695 λυπούμενοι,
1000 2644 1084 2684 εἴτε
1101 2642 1173 2684 καὶ
1193 2644 1248 2687 ὡς
1265 2641 1495 2699 χαίροντες
1514 2642 1729 2698 ἔπραξαν·

202 2712 226 2761 ἡ
248 2711 332 2765 «γάρ
353 2710 412 2763 μὴ
435 2711 609 2753 πενθεῖν
631 2710 766 2763 αὐτὴν
795 2709 848 2755 ὠς
879 2711 1110 2766 ἄνθρωπον
1139 2710 1161 2759 ἢ
1188 2710 1356 2765 θρηνεῖν
1382 2711 1436 2755 ὡς
1466 2710 1562 2752 θεὸν
1591 2712 1732 2753 ἐνεκα-

202 2782 370 2821 λοῦντο.
431 2779 530 2820 Luc.
564 2792 650 2820 VIII
683 2783 765 2822 833
801 2786 837 2822 et
867 2796 987 2835 quem
1018 2786 1059 2822 tu
1090 2781 1294 2834 plangens
1330 2780 1533 2821 hominem
1567 2781 1734 2821 testaris
