1827 3004
135 128 215 167 262
697 125 1096 167 TERTVLLIANI
1350 126 1408 181 [p.
1433 124 1534 166 561.
1559 126 1668 164 22-

133 240 339 281 dominis:
371 255 485 281 mens
506 240 674 295 quidem
694 241 762 281 sui
781 240 903 289 iuris,
925 255 1029 294 qliae
1050 239 1152 281 adeo
1175 239 1308 281 libera
1329 245 1365 280 et
1392 253 1507 292 παρα
1534 243 1601 286 est,
1626 243 1671 278 ‘ut

134 323 182 349 ne
203 309 253 349 ab
274 309 346 350 hoc
367 309 534 363 quidem
556 324 731 358 carcere,
754 310 821 351 cui
841 308 1005 350 inclusa
1026 315 1094 357 est,
1115 308 1245 350 teneri
1272 313 1402 362 queat.
1464 306 1667 347 Prudenb.

133 377 257 419 Cath.
283 382 335 418 10
360 381 423 419 22.
485 379 652 434 Ioseph.
682 379 748 419 De
781 378 886 419 Bell.
917 378 1010 419 Iud.
1042 390 1075 418 II
1105 381 1130 418 8
1163 380 1212 418 11
1237 392 1297 433 pr.
1320 377 1543 429 (Essenes)
1574 375 1668 416 The

132 448 261 488 world
282 463 307 488 a
328 448 482 503 prison,
506 449 619 489 Tert.
643 449 697 489 ad
719 448 844 489 Mart).
869 451 904 489 2.

93 535 111 565 5
218 531 255 571 p.
281 518 333 557 56
357 517 379 557 l
404 519 458 557 24
481 528 767 558 EVIGORATA:
799 517 895 572 pall.
919 519 955 557 4.

218 596 563 627 EXANCILLATA:
596 585 669 628 ἱίπ.
695 586 768 641 εἰρ.

218 669 255 709 p.
280 655 379 696 561.
404 656 455 695 25
480 666 729 696 RESIPISCIT
751 653 1239 696 Te1zAfran.Cic.Liu.
1271 654 1391 708 Pmp.
1422 652 1528 693 Plin.
1558 652 1596 693 h.
1627 667 1668 693 n

130 723 225 763 Tac.
258 722 378 764 Suet.
411 724 538 779 Apul.
572 725 746 765 Metam.
780 736 866 764 VIII
899 727 964 765 31.
1027 723 1173 764 Ambr.
1206 722 1272 763 De
1305 721 1400 762 Elia
1431 727 1475 762 eb
1507 721 1670 762 ieiunio

130 790 218 847 §45
237 792 261 832 f.
284 792 350 845 (of
367 792 559 845 Polemo)
582 799 686 834 certe
708 793 782 834 ille
803 794 840 833 si
861 792 1040 847 resipuit
1060 807 1087 832 a
1112 792 1218 840 uino,
1230 790 1325 846 fuit
1346 796 1484 832 tamen
1506 805 1670 845 semper

69 877 111 898 10
130 862 374 902 temulentus
393 862 623 916 sacrileyio.
685 862 773 904 Sid.
798 863 873 918 Ep.
897 874 947 902 IX
970 864 994 904 6
1018 877 1070 902 m.

216 945 254 985 p.
279 931 379 972 561.
404 932 456 972 26
479 943 674 972 PATITVR
705 932 771 972 De
804 932 946 987 Specta.
970 934 1023 972 15
1046 946 1084 986 p.
1113 929 1164 971 17
1195 931 1218 971 l.
1250 932 1274 971 9
1309 930 1428 971 Wiss.
1462 945 1577 972 nemo
1613 930 1668 971 acl

130 1000 388 1054 uoluptatem
420 1001 535 1041 ‘uenit
567 1001 655 1042 sine
691 1001 852 1055 affectu,
884 1016 1000 1042 nemo
1035 1000 1230 1054 affectum
1261 999 1350 1040 sine
1383 998 1546 1041 casibus
1581 1000 1671 1040 suis

125 1070 302 1123 patitur.
365 1068 430 1109 De
459 1069 620 1109 Anima
647 1071 670 1111 9
699 1084 738 1124 p.
762 1072 845 1111 310
871 1070 894 1110 l.
924 1071 976 1110 19
1008 1069 1132 1109 Wiss.
1165 1075 1222 1110 est
1251 1068 1372 1109 hodie
1402 1083 1521 1109 soror
1552 1069 1668 1123 apud

130 1152 204 1178 nos
243 1137 549 1179 reuelationum
590 1138 850 1180 charismata
889 1141 1052 1187 sortita,
1092 1153 1196 1192 quas
1245 1138 1291 1178 in¹
1342 1137 1513 1179 ecclesia
1558 1137 1670 1179 inter

70 1226 110 1256 15
130 1205 344 1246 dominica
373 1206 592 1247 sollemnia
617 1221 698 1261 per
729 1207 905 1248 ecstasin
935 1207 982 1247 in
1011 1207 1168 1261 spiritu
1199 1206 1372 1261 patitur.

217 1289 255 1329 p.
294 1276 347 1315 56
382 1275 405 1315 l.
439 1277 490 1316 27
524 1286 642 1316 DEVS
679 1287 826 1316 BONVS
860 1276 913 1316 ad
948 1275 1069 1331 Scap.
1106 1277 1129 1315 2
1162 1290 1222 1331 pr.
1259 1290 1332 1316 nos
1373 1290 1503 1315 unum
1543 1275 1668 1316 deum

131 1344 316 1394 colimus,
350 1359 469 1399 quem
510 1360 648 1386 omnes
688 1346 946 1387 naturaliter
982 1346 1121 1395 nostis,
1158 1345 1215 1386 acl
1256 1345 1374 1386 cuius
1402 1345 1592 1400 fulyura
1633 1351 1671 1387 et

132 1413 320 1454 tonitrua
352 1415 678 1464 contremiscitis,
710 1416 767 1456 ad
804 1416 922 1456 cuius
955 1415 1149 1470 beneficia
1178 1415 1382 1469 yaucletis.
1444 1414 1509 1455 De
1543 1414 1668 1457 Carn.

132 1481 279 1522 Resur.
303 1484 328 1523 3
351 1497 410 1537 pr.
433 1483 644 1537 quaedam
672 1484 782 1524 enim
814 1490 850 1525 et
877 1490 1034 1525 natura
1058 1489 1154 1524 nota
1174 1489 1280 1532 sunt,
1302 1489 1348 1524 ut
1368 1483 1671 1525 immortalitas

66 1568 110 1589 20
131 1550 300 1592 animae
329 1566 452 1605 penes
476 1552 636 1606 plures,
658 1558 703 1592 ut
734 1552 835 1593 deus
867 1558 1001 1593 noster
1026 1567 1152 1607 penes
1184 1558 1479 1593 omnes...utar
1509 1559 1546 1594 et
1577 1568 1668 1594 con-

130 1618 302 1659 scientia
342 1619 493 1673 populi
533 1621 798 1661 contestantis
839 1620 962 1661 deum
1004 1620 1206 1670 demum,-
1258 1626 1356 1661 utar
1406 1626 1444 1661 et
1493 1621 1670 1675 reliquis

131 1688 415 1729 communibus
436 1689 631 1738 sensibus,
645 1690 717 1744 qui
737 1689 861 1731 deum
882 1689 1064 1730 iudicem
1079 1689 1359 1744 praedicant:
1386 1695 1394 1709 ‘
1409 1689 1510 1731 deus
1530 1690 1667 1732 uiclet’

131 1762 169 1797 et
191 1756 286 1798 ‘cleo
309 1757 567 1798 commendo?
619 1757 685 1798 De
708 1757 867 1798 Anima
885 1760 908 1798 2
931 1773 969 1813 Ρ.
989 1760 1072 1799 300
1096 1758 1119 1798 l.
1139 1760 1193 1798 24
1216 1757 1339 1798 Wiss.
1361 1758 1432 1799 sed
1453 1764 1490 1799 et
1511 1765 1669 1800 natura

125 1825 329 1879 pleraque
356 1832 639 1880 suyyeruntur
667 1827 789 1881 quasi
818 1837 868 1868 ae
892 1827 1062 1881 publico
1090 1842 1222 1875 sensu,
1244 1842 1321 1881 quo
1350 1827 1541 1868 animam
1568 1828 1670 1869 aleus

68 1916 111 1947 25
132 1895 277 1936 dotare
308 1895 509 1949 diynatus
541 1901 608 1937 est.
671 1895 725 1936 ib.
756 1897 808 1936 41
839 1911 877 1951 p.
905 1898 989 1937 368
1018 1897 1041 1937 l.
1065 1898 1119 1937 30
1150 1896 1272 1937 Wiss.
1304 1896 1364 1937 sic
1394 1902 1430 1937 et
1461 1897 1670 1938 diuinitas

133 1965 301 2005 animae
323 1965 368 2005 inv
388 1966 618 2019 praesassia
641 1965 823 2020 erumpit
844 1980 893 2006 ex
914 1965 1014 2006 bono
1030 1966 1189 2019 priore,
1206 1971 1243 2006 et
1264 1965 1513 2006 couscientia
1534 1966 1602 2007 a'ei
1622 1967 1668 2007 in

133 2035 415 2075 testimonium
441 2035 614 2088 prodit:
645 2034 769 2075 ‘deus
800 2034 947 2075 bonus'
980 2041 1015 2076 et
1046 2034 1170 2075 ‘deus
1203 2034 1335 2082 uidet?
1364 2040 1401 2075 et
1431 2035 1527 2076 ‘deo
1560 2050 1667 2076 com-

133 2103 305 2144 mendo.'
365 2103 476 2144 Adu.
508 2104 635 2144 Marc.
663 2115 678 2144 I
710 2106 762 2145 10
789 2104 857 2144 fin.
884 2104 1003 2145 habet
1028 2103 1128 2145 deus
1150 2104 1384 2145 testimonia
1399 2119 1412 2152 ‚·
1444 2110 1573 2145 totum¹
1595 2104 1669 2146 lzoc

133 2173 241 2227 quod
262 2188 406 2214 sumus
428 2179 464 2214 et
485 2173 531 2213 in
560 2188 637 2227 quo
666 2188 819 2214 sumus.
871 2173 937 2214 De
959 2173 1135 2214 Testim.
1158 2173 1300 2214 Anim.
1326 2175 1349 2213 2
1371 2188 1430 2228 pr.
1460 2174 1528 2215 (lic
1557 2175 1667 2215 testi-

69 2260 114 2290 30
133 2243 330 2291 monium,
351 2243 390 2282 si
410 2242 470 2283 ita
493 2243 584 2283 scis.
645 2258 747 2283 nam
778 2248 815 2284 te
844 2257 997 2297 quoque
1021 2243 1170 2297 palam
1192 2248 1228 2283 et
1250 2248 1335 2283 tota
1365 2242 1562 2291 libertate,
1585 2258 1668 2297 qua

134 2327 215 2352 non
251 2312 345 2353 licet
374 2311 499 2360 nobis,
531 2312 645 2353 donzi
677 2327 726 2353 ac
746 2312 866 2367 foris
894 2312 1094 2353 audimus
1126 2313 1187 2353 ita
1213 2313 1505 2367 pronuntiare,
1538 2314 1669 2367 ‘quocl

133 2381 234 2421 (leus
255 2381 439 2429 declerit‚'
462 2387 499 2422 et
521 2382 579 2422 ‘si
607 2382 708 2422 aleus
738 2382 1048 2423 uoluerit.'...(le
1079 2389 1235 2423 natura
1264 2398 1418 2437 quoque
1451 2384 1518 2423 (lei
1549 2399 1669 2437 quem

127 2451 442 2503 praedicamus,
464 2466 535 2491 nec
558 2457 594 2491 te
617 2451 716 2492 latet
731 2467 741 2491 .·
769 2456 777 2471 ‘
792 2452 892 2493 (leus
914 2452 1062 2501 bonus‚'
1080 2452 1204 2492 ‘deus
1225 2452 1470 2506 benefacit,'
1493 2458 1565 2493 tua
1591 2468 1668 2493 uoa:

133 2525 200 2560 est.
261 2519 327 2560 De
351 2519 443 2561 Cor.
467 2520 593 2561 Milit.
619 2522 642 2561 6
666 2536 724 2575 pr.
755 2522 923 2575 quaeris
951 2522 1084 2575 iyitur
1111 2521 1180 2562 (lei
1208 2521 1335 2574 leyem
1352 2522 1369 2562 ‚2³
1417 2521 1538 2563 habes
1560 2537 1666 2563 com-

69 2601 111 2632 35
132 2604 295 2630 ‘natuem
326 2590 448 2629 istam
480 2590 525 2629 in
547 2590 716 2644 publico
738 2591 898 2639 mundi,
920 2591 966 2630 ia
994 2590 1260 2631 naturalibus
1289 2590 1452 2639 tabulis,
1475 2591 1532 2631 acl
1563 2606 1668 2645 quas

132 2663 168 2698 et
200 2658 412 2711 apostolus
443 2658 546 2698 solet
570 2660 1017 2714 prouocare....ipsum
1048 2660 1172 2700 deum
1205 2660 1431 2701 secuudum
1466 2666 1666 2701 naturam

129 2726 251 2779 prius
268 2726 469 2773 notamus,
486 2726 558 2767 secl
575 2727 698 2768 deum
715 2728 978 2782 appellantes
994 2728 1178 2775 deorum,
1193 2728 1265 2769 bon
1274 2744 1341 2769 um
1353 2735 1667 2782 pmesumentes

132 2800 168 2835 et
189 2794 369 2835 iudicem
395 2795 646 2838 inuocantes.
711 2797 851 2852 Pusey
871 2812 909 2852 p.
933 2799 988 2838 40
1010 2812 1048 2838 n.
1072 2798 1114 2838 Z.
1162 2798 1284 2853 Kaye
1309 2797 1545 2839 164—170.
1569 2799 1664 2839 308.
