1827 3004
139 76 190 114 66
705 68 1103 111 TERTVLLIANI

140 185 256 239 quod
299 191 342 226 et
383 184 587 225 monstris
628 188 671 224 et
712 182 925 237 portentis
966 180 1231 222 naturalium
1272 180 1411 220 forma
1453 179 1669 228 turbatur,

140 262 418 316 prouidenter
465 261 627 315 scripta
675 264 792 300 sunt.
863 258 981 299 Dum
1029 258 1236 312 patimur,
1281 257 1505 313 leguntur;
1567 256 1672 297 dum

138 340 492 394 recognoscimus,
544 338 796 393 probantur.
879 337 1105 385 Idoneum,
1156 335 1319 390 opinor,
1374 335 1672 376 testimonium

139 416 382 456 diuinitatis
416 416 576 456 ueritas
612 413 904 455 diuinationis.
979 412 1093 453 Hinc
1126 413 1258 467 igitur
1291 412 1409 466 apud
1443 426 1520 452 nos
1555 411 1671 451 futu-

138 507 282 533 rorum
305 507 477 546 quoque
498 492 604 532 fides
626 496 723 532 tuta
746 495 823 539 est,
843 490 930 530 iam
952 489 1113 530 scilicet
1135 489 1430 543 probatorum,
1450 488 1550 543 quia
1574 501 1672 528 cum
1692 498 1712 529 5

137 569 229 617 illis,
267 583 378 622 quae
412 569 569 609 cotidie
601 567 854 622 probantur,
890 565 1262 620 praedicebantur.
1322 565 1513 605 Eaedem
1545 578 1673 604 uoces

137 650 306 694 sonant,
347 645 522 685 eaedem
559 645 729 685 litterae
765 648 935 692 notant,
974 642 1089 683 idem
1126 642 1302 696 spiritus
1339 641 1497 696 pulsat,
1536 654 1671 681 unum

137 727 308 775 tempus
348 727 413 762 est
450 721 708 762 diuinationi
746 720 894 761 futura
932 719 1161 774 praefanti.
1222 718 1351 773 Apud
1390 718 1596 767 homines,
1636 717 1671 758 si

136 798 259 848 forte,
292 799 584 853 distinguitur,
617 798 721 838 dum
752 797 1027 852 expungitur,
1060 797 1165 837 dum
1195 810 1247 837 ex
1277 796 1424 837 futuro
1455 809 1668 849 praesens,

135 875 289 915 dehinc
344 889 396 916 ex
451 875 665 930 praesenti
721 874 1004 929 praeteritum
1059 874 1308 928 deputatur.
1370 873 1483 922 Quid
1537 872 1668 913 delin-
1693 887 1737 911 10

135 952 319 1005 quimus,
352 966 425 992 oro
454 966 545 1001 uos,
577 951 725 992 futura
755 964 928 1005 quoque
957 949 1190 999 credentes,
1223 950 1296 1004 qui
1325 950 1412 990 iam
1442 949 1670 990 didicimus

134 1028 192 1069 illi
224 1043 298 1083 per
327 1029 436 1070 duos
464 1029 623 1083 gradus
653 1028 849 1069 credere?

216 1158 289 1198 21.
348 1158 431 1199 Sed
468 1158 674 1212 quoniam
712 1157 924 1198 edidimus
960 1157 1271 1211 antiquissimis
1308 1156 1569 1198 Iudaeorum
1605 1157 1667 1198 in-

132 1232 384 1273 strumentis
437 1237 601 1273 sectam
653 1232 783 1272 istam
838 1245 927 1272 esse
979 1231 1205 1272 suffultam
1259 1246 1390 1285 quam
1444 1231 1668 1285 aliquanto

132 1306 360 1355 nouellam,
391 1311 441 1347 ut
469 1306 683 1347 Tiberiani
711 1305 930 1360 temporis,
960 1305 1152 1360 plerique
1179 1305 1334 1355 sciunt,
1364 1305 1668 1359 profitentibus
1691 1319 1733 1353 15

133 1380 256 1421 nobis
281 1395 465 1435 quoque,
492 1380 733 1421 fortassean
757 1380 838 1421 hoc
861 1380 1034 1420 nomine
1059 1379 1112 1420 de
1135 1384 1257 1420 statu
1281 1379 1370 1420 eius
1393 1384 1665 1430 retractetur,

133 1454 256 1507 quasi
301 1453 380 1494 sub
426 1454 678 1494 umbraculo
722 1454 1035 1509 insignissimae
1079 1453 1304 1508 religionis,
1352 1459 1466 1494 certe
1510 1453 1665 1504 licitae,

133 1527 296 1581 aliquid
331 1528 529 1582 propriae
564 1528 929 1582 praesumptionis
965 1527 1217 1577 abscondat,
1255 1528 1325 1569 uel
1361 1528 1462 1582 quia
1498 1532 1668 1582 praeter

134 1608 323 1643 aetatem
344 1616 484 1656 neque
504 1602 557 1642 de
577 1602 721 1642 uictus
741 1601 1068 1656 exceptionibus
1087 1616 1226 1656 neque
1248 1602 1300 1642 de
1320 1602 1668 1642 solemnitatibus

133 1676 297 1717 dierum
332 1690 471 1731 neque
505 1676 558 1717 de
590 1676 683 1730 ipso
718 1676 936 1731 signaculo
972 1676 1160 1730 corporis
1192 1690 1332 1730 neque
1365 1676 1418 1717 de
1453 1677 1667 1717 consortio
1688 1692 1734 1715 20

131 1750 316 1790 nominis
333 1764 431 1790 cum
449 1749 622 1790 Iudaeis
637 1750 816 1804 agimus,
836 1750 953 1805 quod
973 1750 1126 1804 utique
1142 1755 1362 1804 oporteret
1377 1750 1411 1790 si
1428 1751 1566 1791 eidem
1587 1750 1667 1792 deo

133 1824 503 1878 manciparemur?
566 1824 649 1864 Sed
673 1830 717 1865 et
738 1824 894 1879 uulgus
915 1824 1002 1865 iam
1025 1824 1107 1865 scit
1129 1824 1346 1865 Christum
1370 1830 1420 1865 ut
1443 1825 1666 1866 hominurn

133 1898 332 1952 aliquem,
374 1899 545 1952 qualem
584 1898 735 1939 Iudaei
772 1898 1087 1947 iudicauerunt,
1129 1912 1213 1952 quo
1252 1898 1419 1939 facilius
1457 1899 1551 1953 quis
1588 1914 1666 1940 nos

133 1972 317 2012 hominis
365 1972 550 2012 cultores
599 1972 925 2013 existimauerit.
1000 1972 1160 2012 Verum
1208 1986 1348 2026 neque
1396 1973 1449 2013 de
1497 1972 1665 2014 Christo

133 2045 433 2095 erubescimus,
462 2060 560 2086 cum
587 2046 666 2086 sub
693 2046 866 2086 nomine
893 2046 982 2086 eius
1008 2046 1207 2100 deputari
1235 2052 1279 2087 et
1304 2046 1501 2087 damnari
1526 2047 1663 2097 iuuat,
1687 2064 1729 2095 25

132 2133 271 2173 neque
295 2119 347 2159 de
371 2119 450 2160 deo
474 2120 598 2160 aliter
620 2120 947 2174 praesumimus.
1008 2120 1189 2161 Necesse
1213 2125 1277 2161 est
1298 2120 1430 2174 igitur
1452 2134 1590 2174 pauca
1613 2120 1666 2161 de

134 2192 302 2233 Christo
327 2198 377 2233 ut
399 2193 492 2233 deo.
553 2193 731 2234 Dudum
756 2194 928 2234 Iudaeis
953 2199 1046 2234 erat
1069 2194 1186 2247 apud
1210 2194 1339 2234 deum
1362 2194 1501 2248 gratia
1525 2194 1599 2235 ubi
1624 2200 1667 2235 et

132 2267 307 2321 insignis
340 2267 507 2308 iustitia
542 2273 585 2308 et
618 2267 723 2308 fides
757 2268 1027 2322 originalium
1061 2273 1310 2316 auctorum,
1362 2268 1476 2308 unde
1508 2268 1589 2308 illis
1624 2273 1668 2309 et

132 2341 295 2395 generis
321 2342 574 2395 magnitudo
601 2347 645 2382 et
668 2342 785 2396 regni
810 2342 1054 2383 sublimitas
1079 2340 1225 2383 floruit
1250 2348 1293 2383 et
1318 2348 1443 2383 tanta
1469 2342 1663 2392 felicitas,

133 2420 183 2454 ut
210 2414 262 2454 de
290 2414 357 2455 dei
384 2415 575 2464 uocibus,
606 2415 762 2469 quibus
790 2416 1095 2465 edocebantur,
1125 2416 1177 2457 de
1205 2417 1486 2471 promerendo
1515 2417 1594 2457 deo
1623 2421 1667 2457 et
1685 2430 1731 2463 30

133 2503 219 2528 non
273 2488 529 2529 offendendo
583 2495 977 2542 praemonerentur.
1038 2490 1121 2531 Sed
1174 2495 1339 2544 quanta
1392 2490 1663 2544 deliquerint,

134 2562 289 2602 fiducia
318 2568 493 2615 patrum
519 2562 658 2603 inflati
686 2563 742 2603 ad
769 2563 1086 2612 declinandum,
1116 2564 1362 2605 deriuantes
1389 2578 1414 2604 a
1441 2564 1665 2618 disciplina

133 2634 177 2674 in
196 2635 425 2687 profanum
445 2635 635 2685 modum,
658 2637 737 2676 etsi
755 2637 836 2691 ipsi
855 2651 941 2677 non
961 2638 1281 2687 confiterentur,
1302 2636 1506 2691 probaret
1525 2637 1666 2678 exitus

136 2707 365 2749 hodiernus
399 2709 603 2763 ipsorum.
663 2710 867 2764 Dispersi,
904 2711 1154 2765 palabundi,
1193 2716 1236 2752 et
1270 2711 1347 2752 soli
1383 2716 1427 2752 et
1461 2711 1565 2752 caeli
1600 2711 1665 2752 sui
