1827 3004
101 115 143 156 p.
172 101 300 141 1261.
331 99 399 151 17]
610 96 1048 138 APOLOGETICVS
1082 99 1134 137 45
1560 93 1645 133 429

105 214 213 254 Eccl.
262 212 415 267 Dogm.
465 213 518 251 10
565 212 601 250 4.
665 209 801 263 [More
846 224 935 249 exx.
981 209 1023 249 in
1069 224 1139 264 my
1184 208 1312 248 index
1356 214 1398 248 to
1444 206 1640 260 Ps.-Aug.

105 282 280 334 Quaest.
304 296 341 336 p.
367 282 461 321 534.
523 279 726 319 Brewer's
755 278 843 318 Der
873 293 958 332 sog.
982 277 1371 318 Atharmsianische
1404 275 1642 316 Glaubens-

104 349 365 392 bekenntnis
395 347 659 401 (Paderborn
690 348 822 398 1909)
852 362 888 402 p.
915 349 966 386 12
996 362 1034 387 n.
1061 350 1108 387 1:
1144 346 1224 387 add
1259 345 1420 386 Nouat.
1450 344 1546 385 trin.
1578 342 1642 383 27.

108 420 159 461 A.
183 419 244 472 8.]

192 503 228 543 p.
264 489 345 528 126
379 487 402 527 l.
437 486 459 526 7
494 496 779 532 MALILOQVIO
812 486 876 525 De
910 485 1102 539 Spectac.
1127 487 1150 525 2
1180 485 1246 525 bis
1276 500 1312 539 p.
1337 486 1361 524 3
1392 484 1414 523 l.
1440 485 1492 523 23
1521 481 1642 522 Wiss.
1666 491 1684 520 5

107 558 186 598 Ios.
219 556 367 611 Antiq.
398 566 499 595 XVII
534 558 554 594 1
584 569 623 609 p.
652 555 734 594 478
758 555 782 594 f.
813 554 928 604 (Bas.
963 556 1094 606 1524)
1126 569 1156 593 e.
1187 555 1212 593 3
1245 568 1282 607 p.
1311 555 1390 592 481
1418 552 1441 592 f.
1506 552 1644 604 Ignat.

110 626 246 681 Polyo.
283 627 346 666 11.
381 623 520 678 [Sulp.
553 622 671 675 Seu]
703 636 741 676 p.
777 621 869 662 247.
906 624 957 661 13
991 622 1133 661 Halm.
1172 621 1320 676 [Aug]
1355 620 1488 661 Serm.
1523 620 1575 660 76
1609 621 1644 660 6.

110 693 311 749 Porphyr.
345 707 399 733 on
432 692 534 732 Hor.
568 692 662 744 [not
694 690 739 730 in
771 690 968 730 Holder⁷s
1000 690 1158 743 index]

194 777 232 817 p.
272 763 353 802 126
390 761 413 801 1.
453 763 478 801 8
515 760 626 801 Adu.
659 760 786 800 Marc.
820 771 868 799 IV
908 761 960 800 16
1003 774 1041 814 p.
1074 761 1158 800 468
1195 760 1219 799 1.
1254 761 1306 799 22
1342 758 1415 798 Kr.
1456 757 1647 798 Christus

109 831 236 872 etiam
272 831 405 871 uicem
440 829 627 870 iniuriae
661 828 857 870 cohibens.
920 839 954 867 ΙΙ
988 830 1041 868 28
1076 842 1112 883 p.
1145 827 1226 868 375
1261 827 1284 866 1.
1320 830 1370 867 15
1405 827 1477 866 Kr.
1519 827 1647 867 uicem
1669 841 1713 863 10

102 899 327 955 prohibens
355 899 504 952 (deus).
566 898 631 938 De
661 896 846 938 Patient.
869 899 894 937 8
918 911 955 951 p.
981 898 1032 937 13
1059 896 1082 937 l.
1108 898 1160 937 19
1185 896 1259 936 ΚΓ.
1292 896 1464 937 reddam
1497 901 1533 936 et
1561 895 1648 949 ‘e'pse

110 967 416 1009 amaritudinis
456 967 588 1007 uicem
629 980 785 1007 necesse
826 971 893 1006 est.
970 965 1166 1005 Lactant.
1204 976 1251 1005 VI
1296 967 1347 1005 18
1383 962 1402 1019 ξ
1440 966 1490 1004 12
1532 964 1647 1004 inno-

110 1037 289 1078 centiam
321 1049 483 1089 semper
515 1041 551 1075 et
586 1034 732 1088 abique
763 1033 978 1075 custodiat.
1041 1033 1149 1087 qaod
1178 1038 1449 1087 praeceptum
1482 1048 1559 1072 non
1593 1031 1648 1071 ad

111 1107 182 1148 hoc
213 1112 377 1148 tantum
409 1105 532 1154 ualet,
565 1110 606 1145 ut
636 1105 724 1158 ipse
754 1103 961 1144 iniuriam
997 1118 1072 1143 non
1106 1102 1276 1155 inferat,
1304 1102 1374 1143 sed
1406 1108 1450 1142 ¹ut
1482 1101 1646 1141 illatam

110 1175 191 1217 sibi
232 1190 309 1215 non
354 1174 535 1214 uindicet
575 1173 727 1226 [uicem
774 1172 958 1219 reddere,
1000 1171 1157 1226 passim
1207 1171 1251 1211 in
1300 1171 1466 1211 Ambst.
1510 1170 1714 1225 Pelag.15

112 1250 190 1285 etc.
253 1243 304 1283 A.
326 1242 398 1296 S.].

201 1328 238 1367 p.
258 1314 339 1369 126
363 1312 386 1352 l.
407 1309 456 1351 11
483 1321 681 1351 DIXIMVS
702 1315 781 1351 cet.
831 1324 863 1350 c.
884 1311 936 1350 19
959 1324 996 1364 p.
1017 1311 1081 1350 62.
1126 1308 1318 1362 [Iustin]
1341 1308 1498 1349 cohors..
1516 1307 1569 1348 ad
1592 1322 1649 1362 gr.

115 1383 138 1423 9
162 1396 199 1436 p.
223 1383 275 1422 98.
338 1379 460 1421 Diod.
485 1379 569 1420 Sic.
592 1391 607 1419 Ι
629 1394 660 1420 o.
684 1381 720 1420 4.
784 1378 917 1420 Clem.
941 1378 1062 1419 Alex.
1087 1377 1242 1418 Strom.
1267 1378 1424 1430 [where
1443 1378 1485 1430 ?].

201 1461 387 1499 QVANTA
418 1464 464 1490 as
496 1449 541 1489 in
574 1448 752 1489 Phaedr.
790 1459 823 1488 ΙΙ
857 1450 882 1487 8
916 1449 969 1487 24
1007 1453 1212 1502 quantam
1243 1453 1300 1488 est
1333 1446 1518 1488 laboris!
1560 1446 1650 1486 how

114 1519 252 1560 little!
314 1519 378 1572 [cf.
412 1517 568 1558 Lucan.
602 1528 650 1557 IV
683 1516 777 1558 378.
834 1516 885 1557 A.
909 1515 968 1570 8.]
1672 1530 1718 1553 20

202 1602 239 1642 p.
265 1588 346 1628 126
369 1587 392 1626 1.
418 1588 471 1626 14
498 1596 823 1626 INVOLVNTATE
855 1585 929 1626 the
956 1585 1062 1639 conj.
1086 1586 1132 1625 of
1158 1584 1357 1625 Latinius
1382 1585 1458 1638 [i.e.
1482 1584 1652 1624 Latinio

116 1657 273 1706 Latini,
295 1672 320 1697 a
351 1656 570 1697 sixteenth
602 1662 783 1711 century
811 1655 984 1703 Italian,
1008 1670 1088 1696 one
1117 1655 1165 1696 of
1190 1655 1264 1696 the
1293 1655 1431 1695 ablest
1460 1653 1653 1709 pati-istic

116 1726 300 1767 scholars
322 1725 416 1766 who
438 1740 537 1766 ever
558 1725 681 1766 lived.
744 1725 793 1766 A.
817 1724 879 1778 8.]
903 1724 978 1765 has
999 1740 1024 1765 a
1046 1725 1165 1779 place
1187 1724 1231 1764 in
1255 1725 1361 1764 lexx.
1385 1722 1457 1764 ἅπ.
1481 1722 1554 1778 εἰρ.

204 1806 487 1836 RECOGITATE
546 1793 683 1835 ‘rare'
764 1794 833 1835 Ad
885 1794 1010 1835 Mart.
1060 1796 1083 1834 2
1128 1809 1189 1849 pr.
1263 1793 1400 1834 Plau‘o.
1446 1792 1531 1833 Cic.
1579 1793 1654 1845 (1).

118 1864 282 1907 Colum.
314 1865 380 1918 (1)
412 1864 517 1918 [also
549 1863 646 1904 Sen.
679 1863 763 1904 and
795 1863 911 1918 uulg.
944 1863 989 1903 in
1020 1862 1100 1905 LS.
1161 1863 1211 1904 A.
1235 1862 1308 1916 8.].
1676 1877 1719 1908 25

204 1949 242 1990 p.
267 1936 348 1975 126
372 1934 395 1975 l.
422 1934 471 1974 17
503 1943 760 1973 DEPRETIAT
791 1932 951 1973 Oehler
979 1931 1017 1972 h.
1041 1932 1064 1973 1.
1127 1931 1238 1972 Adu.
1268 1932 1397 1972 Marc.
1426 1943 1441 1971 Ι
1465 1933 1488 1971 6
1512 1946 1549 1985 p.
1574 1932 1655 1971 298

118 2005 142 2046 l.
178 2006 202 2046 9
238 2004 312 2045 Kr.
348 2004 386 2044 si
421 2003 654 2057 depretiari
687 2002 801 2056 capit
836 2002 881 2042 in
914 2007 1108 2043 creatore.
1175 2002 1227 2041 14
1260 2001 1330 2041 fin.
1367 2001 1577 2055 depretias
1612 2000 1655 2039 in

118 2073 265 2129 quibus
286 2079 323 2114 et
343 2073 458 2113 uiuis
479 2078 517 2113 et
543 2072 730 2113 ‘moreris
792 2082 826 2111 ΙΙ
851 2070 902 2111 27
925 2070 997 2110 fin.
1059 2070 1124 2110 De
1147 2069 1289 2110 Anim.
1315 2069 1365 2110 17
1390 2084 1428 2124 p.
1451 2071 1533 2109 323
1557 2068 1578 2109 l.
1605 2069 1656 2107 ’23

120 2142 245 2183 Wiss.
317 2141 385 2182 Ad
430 2141 552 2181 onr.
596 2152 611 2181 Ι
646 2143 670 2181 3
708 2155 742 2181 a.
778 2155 831 2180 m.
876 2139 985 2194 quod
1021 2145 1160 2180 autem
1201 2139 1421 2179 'necessitas
1454 2142 1658 2192 praestat,

119 2211 326 2266 depretiat
356 2211 462 2265 ipsa.
523 2210 577 2251 ad
605 2216 691 2251 nat.
722 2221 737 2250 Ι
769 2211 822 2250 10
854 2224 892 2264 p.
918 2208 969 2249 77
1004 2209 1027 2250 l.
1052 2211 1076 2249 9
1100 2207 1223 2248 VViss.
1256 2222 1326 2249 vnec
1359 2207 1534 2249 contenti
1565 2207 1659 2247 estis
1679 2218 1723 2249 30

119 2280 208 2321 deis
255 2279 448 2320 honorem
494 2294 576 2320 non
617 2278 820 2327 habuisse,
860 2278 946 2318 m‘sz‘
991 2278 1120 2319 etiam
1166 2291 1457 2331 quemcumque
1503 2275 1659 2316 habetis

121 2348 360 2402 depretietis
382 2347 530 2401 aliqua
550 2346 814 2401 indiynitate.
875 2346 941 2386 De
974 2346 1076 2400 Fug.
1100 2345 1144 2385 in
1168 2345 1326 2385 Perseo.
1354 2346 1405 2385 10
1429 2359 1481 2384 m.
1515 2344 1658 2397 depre-

121 2417 239 2458 tiasti
272 2416 485 2457 Christum
516 2417 589 2470 qui
618 2416 663 2456 in
694 2421 730 2456 te
759 2421 827 2456 est.
888 2415 954 2455 De
986 2414 1179 2469 Speotac.
1210 2416 1261 2453 22
1292 2428 1329 2467 p.
1354 2415 1406 2453 23
1436 2413 1458 2452 l.
1484 2416 1506 2451 Γ)
1537 2411 1659 2451 ἎἾΞΞ.

121 2485 308 2526 Dirksen
350 2483 474 2540 Corp.
512 2484 576 2525 Gl.
616 2496 650 2524 ΙΙ
688 2486 744 2524 44
783 2488 817 2525 5.
895 2483 1189 2525 Commodian.
1230 2481 1368 2523 Carni.
1407 2481 1528 2536 Apol.
1568 2482 1660 2521 196.

122 2555 266 2596 Sidon.
315 2569 440 2595 carni.
488 2556 541 2594 22
595 2556 676 2595 203
723 2553 787 2606 (in
839 2554 1003 2608 Burgo)
1059 2552 1295 2606 depretiata
1343 2565 1441 2591 sicas
1489 2555 1661 2604 turpant
1682 2560 1725 2591 35

118 2624 337 2679 pigmenta
369 2623 552 2678 figuras.
613 2637 675 2678 ep.
714 2634 747 2663 ΙΙ
782 2625 836 2663 10
872 2622 941 2663 fin.
983 2621 1116 2675 iyitar
1155 2619 1352 2666 incumbe,
1388 2633 1512 2672 neque
1548 2618 1662 2672 apud

124 2699 161 2734 te
193 2692 450 2733 litterariam
481 2706 628 2733 curam
659 2691 782 2733 turba
813 2691 1013 2745 depretiet
1043 2689 1344 2743 imperitorum.
1409 2686 1508 2740 [See
1540 2685 1662 2726 Thes.

123 2761 174 2802 A.
201 2760 263 2814 s]
