1827 3004
140 67 222 106 412
706 63 1106 128 TAERTVLLIANI
1329 63 1384 116 [p.
1413 64 1491 103 118
1514 61 1541 103 l.
1565 63 1673 103 31-

230 199 267 238 p.
303 186 383 223 118
414 184 436 224 l.
465 186 515 224 31
550 194 744 223 IEIVNIIS
774 194 904 222 ARIDI
937 182 1002 222 De
1032 182 1170 223 Ieiun.
1200 185 1220 222 1
1254 197 1292 237 p.
1326 181 1406 222 275
1439 181 1463 221 l.
1495 183 1516 220 1
1551 180 1675 221 Wiss.

145 259 329 305 orsmunt
362 268 443 301 nos,
475 253 582 306 quod
613 252 773 293 ieiunia
804 252 989 306 propria
1020 251 1313 298 custodiamus,
1344 249 1452 304 quod
1481 248 1677 290 stationes

140 323 388 376 pler-nmque
418 322 460 361 in
502 336 718 375 uesperam
754 320 1053 375 producamus,
1090 319 1198 374 quod
1235 319 1363 360 etiam
1397 317 1678 371 weropltayias

146 391 416 438 obseruenius,
438 392 638 431 siccantes
659 389 794 431 cibum
820 389 872 430 ab
901 389 1014 430 onini
1043 404 1168 430 carne
1196 394 1232 429 et
1254 387 1368 428 omni
1388 386 1621 427 iurulentia
1643 391 1679 427 et

105 478 124 509 5
148 460 411 501 um'1‘lioribus
432 460 660 514 quibusque
681 460 833 514 pomis,
856 474 927 500 nec
947 458 1050 513 quid
1071 458 1310 499 uinositatis
1335 457 1397 498 uel
1419 456 1592 497 edamus
1614 455 1679 496 uel

142 536 329 584 potemus
340 545 351 577 ,·
384 530 552 570 lauacri
574 544 730 583 quoque
752 528 1056 576 abstinentiam,
1080 533 1369 581 conyruentem
1392 525 1515 566 arido
1537 525 1679 566 uictui.

149 600 200 639 13
218 614 258 653 p.
277 600 356 639 291
383 598 404 638 l.
431 597 482 638 27
503 597 627 638 Wiss.
649 597 743 638 bene
765 603 915 645 autem,
934 597 1043 651 quod
1064 603 1100 638 et
1121 596 1304 651 episcopi
1329 595 1549 635 uniuersae
1567 593 1682 647 plebi

149 667 352 707 mandare
369 667 530 707 ieiunia
547 667 748 714 adsolent,
763 682 842 707 non
865 666 957 707 dico
980 667 1030 707 de
1046 666 1261 707 industria
1277 665 1454 719 stipium
1471 662 1680 718 conferen-

148 737 314 783 darum,
356 741 401 776 ut
442 741 606 776 uestrae
644 741 845 789 capturae
886 740 955 783 est,
996 734 1068 776 sed
1109 734 1321 775 interdum
1368 738 1405 773 et
1446 747 1494 773 eac
1535 731 1683 785 aliqua

86 826 127 848 10
147 805 447 846 sollicitudinis
469 805 769 846 ecclesiasticae
792 819 930 845 causa.
992 804 1135 858 itaque
1161 803 1200 843 si
1222 808 1259 844 et
1280 817 1328 843 ex
1349 801 1530 842 hominis
1552 800 1683 841 edicto

149 880 185 915 et
215 875 261 914 in
293 889 421 915 unum
453 889 592 914 omnes
624 871 1026 928 ταπεινοφρόνησιυ
1055 871 1242 926 ayitatis,
1265 870 1466 924 quomodo
1497 870 1544 909 in
1570 868 1685 909 nobis

148 943 284 997 ipsam
311 957 466 997 quoque
492 943 695 983 unitatem
714 941 1022 982 ieizmationum
1044 947 1080 981 et
1101 939 1462 994 aeroplzayiaruni
1483 943 1520 979 et
1541 937 1684 978 statio-

148 1027 245 1052 nzrm
281 1011 519 1052 denotatis?
581 1013 632 1051 15
666 1025 702 1065 p.
734 1013 816 1050 294
857 1010 879 1050 l.
915 1009 938 1050 7
974 1009 1098 1050 Wiss.
1134 1023 1225 1050 esca
1256 1023 1329 1049 nos
1361 1008 1434 1048 deo
1466 1022 1545 1047 non
1578 1021 1684 1047 coni-

149 1081 320 1122 nzendat
342 1081 401 1134 [=
419 1083 439 1120 1
467 1080 560 1122 Cor.
584 1083 620 1121 8.
644 1083 680 1121 8.
733 1079 854 1134 A.S.]
878 1095 957 1121 non
981 1085 1025 1120 ut
1053 1079 1101 1120 cle
1123 1078 1253 1118 arida
1275 1078 1435 1118 dictum
1461 1082 1594 1131 putes,
1615 1076 1687 1117 sed

86 1173 128 1204 15
144 1151 286 1205 potius
317 1150 367 1191 de
395 1155 521 1190 uncta
553 1155 588 1190 et
617 1155 829 1190 accurata.
881 1148 934 1188 ad
965 1147 1087 1202 Scap.
1120 1150 1145 1187 4
1175 1150 1232 1202 (p.
1262 1136 1357 1194 549,
1388 1145 1412 1186 l.
1447 1146 1491 1198 1)
1521 1144 1687 1199 quando

151 1234 227 1260 non
261 1218 640 1273 yeniculationibus
681 1223 717 1258 et
757 1216 1085 1257 ieiunationibus
1126 1215 1281 1257 nostris
1316 1214 1446 1255 etiam
1481 1213 1689 1254 siccitates

150 1293 245 1329 sunt
285 1287 507 1341 depulsae?
567 1285 694 1341 Cypr.
738 1300 801 1340 ep.
842 1287 891 1325 11
925 1300 986 1339 pr.
1027 1282 1046 1339 ἓ
1090 1288 1109 1324 1
1156 1282 1689 1336 admoneo...relliyiosani

150 1356 477 1398 sollicitudinem
501 1361 688 1396 uestram
710 1361 754 1395 ut
777 1354 833 1394 ad
850 1354 1115 1408 placandum
1144 1360 1266 1407 atque
1288 1351 1545 1393 emoranduni
1566 1351 1689 1392 deum

151 1442 228 1467 non
263 1442 358 1467 uoce
388 1426 478 1466 sola
510 1425 582 1466 sed
613 1430 650 1466 et
680 1425 853 1466 ieiuniis
885 1430 921 1464 et
946 1424 1138 1465 lacrimis
1166 1429 1203 1465 et
1235 1423 1349 1464 omni
1370 1435 1518 1476 ¹qenere
1545 1420 1691 1475 depre-

88 1516 132 1538 20
152 1496 330 1537 cationis
361 1495 702 1548 intqeniescanius.
765 1494 819 1534 60
844 1490 863 1548 ξ
886 1496 908 1533 5
928 1492 1265 1540 hortamur...ut,
1287 1489 1690 1546 quoniam...admo-

152 1579 301 1606 nemur
337 1564 688 1618 appropinquare
728 1563 817 1602 iani
859 1561 1103 1602 certaminis
1144 1567 1180 1602 et
1221 1561 1369 1614 ayonis
1400 1559 1532 1600 nostri
1567 1558 1691 1607 diem,

152 1634 323 1674 ieiuniis
353 1632 521 1686 uiyiliis
553 1631 814 1672 orationibus
844 1631 1036 1671 insistere
1067 1645 1160 1672 cuni
1192 1630 1307 1671 onzni
1331 1628 1449 1683 plebe
1474 1642 1554 1668 non
1584 1627 1691 1668 desi-

153 1718 315 1743 namus.
368 1702 519 1757 Bailey
538 1701 712 1742 Rstuale
736 1699 1026 1756 Anglo-Cath.
1052 1699 1191 1740 75*ss
1215 1700 1454 1753 (tempesb),
1470 1698 1523 1738 89
1546 1695 1692 1750 (Fruits

154 1773 200 1813 of
218 1772 291 1813 the
314 1771 467 1824 earth),
492 1773 546 1813 94
569 1771 652 1823 (for
673 1770 796 1819 rain),
820 1769 959 1811 96—7
984 1770 1157 1824 (prayer
1178 1768 1223 1809 in
1244 1767 1427 1819 dearbh).

89 1863 133 1895 25
242 1843 491 1883 EXPRESSI?
543 1840 720 1888 shrunk,
750 1838 991 1887 shrivelled,
1018 1837 1213 1893 pinched.
1277 1837 1403 1891 Greg.
1430 1836 1532 1877 Naz.
1567 1835 1638 1877 Or.
1669 1839 1690 1876 1

157 1913 203 1954 in
226 1912 381 1953 Iulian.
406 1910 428 1951 7
452 1910 621 1965 (Migne
644 1909 686 1950 P.
704 1909 754 1950 G.
776 1920 910 1949 XXXV
933 1909 1055 1961 593³)
1079 1906 1180 1963 ὁρᾷς
1211 1905 1311 1951 τοὺς
1337 1905 1492 1958 ἀβίους
1518 1905 1694 1950 τούτους

157 1982 229 2024 καὶ
253 1979 477 2025 ἀνεστίους
501 1979 573 2021 καὶ
596 1978 820 2033 ἀσάρκους
841 1980 997 2033 μικροῦ
1020 1977 1091 2017 καὶ
1115 1974 1360 2027 ἀναίμονας,
1379 1975 1451 2015 καὶ
1476 1973 1558 2029 θεῷ
1581 1972 1693 2016 κατ-ἂ,

158 2052 285 2092 τοῦτο
309 2048 666 2099 πλησιάζοντας;

244 2134 281 2174 p.
308 2121 390 2158 118
413 2117 436 2157 1.
461 2119 515 2157 32
539 2127 588 2156 IN
612 2127 752 2156 SAcco
774 2126 830 2155 ET
852 2125 1022 2155 CINERE
1044 2113 1110 2154 De
1134 2112 1376 2153 Paenitent.
1397 2115 1447 2152 11
1472 2127 1532 2167 pr.
1550 2112 1695 2153 deuer-

95 2211 138 2242 30
158 2189 251 2230 sori
280 2189 325 2227 in
357 2186 650 2241 asperitudine
680 2185 802 2226 sacci.
864 2184 918 2224 ib.
953 2186 977 2225 9
1010 2183 1060 2224 de
1090 2184 1181 2237 ipso
1215 2196 1372 2237 quoque
1403 2181 1545 2222 habitu
1575 2187 1697 2236 atque

159 2259 274 2298 uictu
296 2256 475 2297 mandat
496 2270 613 2296 sacco
636 2260 672 2295 et
695 2254 828 2295 cineri
848 2252 1058 2301 incubare,
1081 2266 1233 2306 corpus
1253 2250 1448 2291 sordibus
1464 2250 1696 2299 obscurare,

161 2328 353 2369 animum
389 2325 653 2366 maeroribus
689 2324 857 2365 deicere.
919 2322 986 2363 De
1023 2321 1209 2362 Patient.
1246 2322 1299 2361 13
1333 2334 1373 2375 p.
1408 2321 1462 2360 20
1496 2320 1519 2359 l.
1559 2321 1582 2361 9
1622 2319 1696 2361 Kr.

161 2399 205 2438 in
236 2397 396 2451 primis
428 2395 661 2449 adflictatio
692 2393 1001 2440 carnis‚...cum
1032 2390 1175 2432 sordes
1207 2404 1299 2431 cum
1332 2388 1530 2442 anyustia
1562 2389 1698 2429 uictus

162 2467 330 2508 domino
354 2465 469 2511 libat,
492 2469 683 2504 contenta
704 2461 893 2516 simplici
917 2461 1078 2515 pabulo
1099 2473 1287 2514 puroque
1309 2472 1442 2513 aquae
1467 2463 1581 2512 potu,
1604 2472 1699 2499 cum

97 2558 141 2589 35
162 2535 325 2576 ieiunia
359 2533 585 2585 coniunyit,
614 2547 707 2572 cum
733 2531 867 2572 cineri
903 2536 940 2571 et
967 2544 1084 2571 sacco
1108 2529 1310 2570 inolescit.
1371 2528 1437 2568 De
1473 2527 1610 2568 Ieiun.
1645 2528 1697 2568 16

164 2619 201 2658 p.
234 2605 315 2644 295
352 2602 375 2642 l.
411 2604 463 2642 26
496 2601 620 2641 ἎἿΞΞ.
647 2600 780 2641 saccis
814 2599 945 2639 velati
978 2604 1015 2639 et
1044 2598 1180 2639 cinere
1210 2596 1422 2651 conspersi
1453 2595 1581 2637 idolis
1610 2596 1700 2637 suis

164 2672 350 2712 inediam
368 2670 602 2723 (inuidiam
619 2669 727 2722 cod.)
748 2668 980 2723 supplicem
1002 2666 1192 2708 obiciant.
1255 2664 1433 2707 Cedren.
1458 2669 1511 2720 ‘p.
1535 2665 1636 2706 300'
1658 2665 1705 2705 of

165 2741 239 2781 the
257 2756 451 2796 emperor
473 2742 516 2781 ἐν
539 2739 691 2793 σάκκῳ
710 2738 782 2779 καὶ
800 2736 965 2793 σποδῷ.
1007 2735 1154 2776 Ambr.
1178 2735 1343 2789 [rather
1359 2733 1530 2775 Nieeta.
1570 2733 1619 2774 A.
1636 2733 1698 2787 S.]
