1827 3004
120 162 161 202 p.
185 149 238 188 46
260 148 286 188 l.
312 148 382 198 30]
619 145 1058 188 APOLOGETICVS
1093 147 1143 186 13
1574 145 1654 184 233

126 259 311 301 Vulcano
336 259 468 314 faber
491 259 611 314 ferri
641 265 914 301 consecratur.
977 258 1092 300 Lacb.
1123 269 1157 298 ΙΙ
1189 259 1215 298 4
1245 255 1310 312 §9
1343 256 1438 312 qais
1469 271 1568 297 usas
1599 262 1656 297 est

114 329 395 383 pretiosorum
422 343 643 369 munerum
672 327 779 368 nihil
807 327 1105 368 sentientibus?
1164 341 1221 367 an
1248 326 1332 373 ille,
1356 325 1430 380 qai
1450 325 1656 366 mortuis?

113 397 219 452 pari
254 397 364 438 enim
399 396 561 438 ratione
597 396 891 450 defunctorum
927 410 1104 450 corpora
1141 394 1336 436 odoribus
1372 409 1421 435 ac
1458 394 1657 448 pretiosis

120 465 298 506 uestibus
329 465 444 506 illita
477 471 514 506 et
547 464 769 505 connotata
807 463 925 504 hami
959 463 1150 512 condant,
1186 478 1271 518 qaa
1307 462 1403 503 deos
1438 462 1655 503 honorant.

120 534 461 576 Preller-Jordan
484 545 518 574 ΙΙ
542 536 594 575 95
619 548 660 575 n.
684 536 718 574 1.
1676 546 1694 577 5

206 619 243 659 p.
267 606 321 645 46
348 604 370 644 l.
397 606 449 644 23
481 614 597 643 ARAS
626 602 745 643 Suet.
777 601 893 642 Nero
925 604 977 642 50
1007 602 1048 641 in
1079 616 1123 642 eo
1153 601 1324 655 [yentili
1352 600 1655 653 Domitiorum]

116 679 378 714 monumento
410 673 563 714 solium
590 672 878 727 povphyretici
912 671 1143 711 ‘marmoris
1177 675 1437 725 superstante
1472 669 1657 710 Lunensi

119 757 199 783 ara
223 743 572 797 circumsaeptum
596 747 653 782 est
680 741 824 795 lapide
848 740 1012 781 Thasio.
1035 755 1144 781 omn.
1169 740 1301 781 Clem.
1325 739 1446 780 Alex.
1468 739 1654 794 Protrep.

116 826 149 853 e.
169 813 193 851 3
213 814 238 851 4-
254 826 292 866 p.
312 813 364 852 39
383 810 498 856 νεὼς.
511 844 518 852 .
531 809 721 866 .τάφους.
773 810 1026 850 Theodoret.
1043 809 1188 849 Graec.
1207 809 1360 849 Affect.
1379 807 1478 850 Cur.
1496 819 1583 848 VIII
1601 809 1655 848 34

117 880 326 921 Ar1stoffle
349 879 507 921 offered
536 879 682 920 (hvine
712 879 897 919 honours
926 885 970 920 to
1000 878 1067 919 his
1096 878 1190 919 wife
1213 878 1282 931 (of.
1306 877 1392 920 Cic.
1416 883 1460 918 to
1483 876 1655 925 Tullia).
1678 893 1720 915 10

206 965 244 1005 p.
267 952 320 991 46
344 950 367 990 1.
393 952 444 990 25
470 961 615 990 EPVLo
646 960 766 990 Iovls
796 948 1049 1003 Marquardt
1078 952 1146 988 ΠΙ2
1174 950 1258 989 348
1280 962 1320 989 n.
1344 949 1370 988 4
1392 948 1460 999 (cf.
1483 948 1656 995 348-9).

118 1019 277 1059 Arnob.
300 1030 367 1059 VII
390 1020 456 1059 32.
508 1017 601 1059 Liu.
626 1029 724 1058 XXV
749 1019 772 1057 2
794 1016 813 1073 ᾖ
836 1020 900 1059 10.
957 1017 1096 1058 Valer.
1121 1017 1232 1057 Max.
1257 1028 1291 1057 II
1317 1019 1332 1057 ]
1360 1015 1379 1071 ξ
1402 1019 1436 1057 2.
1460 1027 1509 1056 IV
1533 1018 1556 1056 2
1579 1014 1597 1071 ξ
1620 1018 1656 1057 3.

118 1088 289 1130 Gu‘cher
310 1088 375 1129 De
398 1088 494 1129 Veh.
518 1088 618 1129 Iure
642 1087 798 1129 Pontif.
823 1099 872 1127 IV
896 1089 959 1127 23.

206 1168 403 1198 SIMPVLO
422 1174 429 1198 ε
460 1157 723 1212 simpnainm
745 1157 872 1212 Apul.
898 1156 1010 1211 Mag.
1036 1158 1088 1196 18
1110 1160 1164 1205 (II
1188 1157 1271 1195 488
1291 1153 1429 1200 Hild.)
1451 1153 1581 1195 Salm.
1604 1154 1657 1194 ad

118 1227 250 1268 Solin.
274 1242 314 1282 p.
337 1229 430 1268 583.
492 1227 704 1267 Muncker
724 1226 777 1266 ad
801 1225 1002 1281 Fulgent.
1025 1240 1062 1280 p.
1089 1223 1181 1265 731.
1243 1224 1356 1265 Fest.
1374 1239 1412 1279 p.
1434 1223 1514 1265 707
1534 1223 1657 1265 Lind.
1678 1236 1719 1267 15

208 1306 464 1336 HARVSPICE
497 1295 563 1336 De
595 1295 738 1350 Specta.
770 1296 824 1335 10
852 1309 890 1349 p.
922 1296 974 1334 12
1006 1294 1028 1334 l.
1063 1296 1086 1333 2
1116 1292 1240 1333 Wiss.
1273 1292 1431 1333 duobus
1460 1292 1656 1347 inquina-

117 1366 294 1407 tissimis
316 1365 491 1406 arbitris
509 1365 718 1420 funerum
746 1371 783 1407 et
810 1380 1041 1412 sacrorum,
1065 1364 1344 1417 dissiynatore
1366 1369 1402 1404 et
1423 1363 1655 1417 haruspice.

120 1434 514 1489 Bouche-Leolercq
537 1433 791 1475 Divination
814 1445 861 1473 IV
885 1436 937 1475 65
963 1436 997 1474 2.

206 1518 245 1558 p.
268 1506 321 1544 46
346 1504 368 1544 l.
393 1505 446 1544 26
470 1514 753 1544 POLLINCTOR
775 1502 985 1557 Scorpiao.
1011 1501 1033 1542 7
1057 1502 1127 1542 fin.
1149 1501 1188 1541 si
1214 1507 1351 1542 noster
1379 1515 1536 1555 quoque
1556 1501 1658 1541 dens

113 1573 320 1627 propriae
355 1572 512 1613 hostiae
547 1572 712 1613 nomine
748 1571 961 1625 martyria
998 1570 1078 1611 sibi
1113 1570 1424 1624 depostulasset,
1462 1569 1555 1624 quis
1590 1569 1660 1609 illi
1677 1583 1721 1605 20

117 1641 406 1695 exprobrasset
450 1640 665 1694 funestam
707 1640 948 1694 reliyionem
995 1645 1032 1680 et
1073 1638 1267 1693 lngynbres
1307 1638 1417 1679 ritus
1457 1644 1494 1679 et
1534 1653 1657 1678 aram.

118 1724 267 1763 rossum
289 1715 326 1750 et
345 1709 639 1763 pollinctorem
659 1708 946 1749 sacerdotem?
996 1707 1139 1762 Spe-ch.
1164 1708 1217 1746 10
1240 1706 1315 1746 has
1338 1711 1413 1746 nob
1436 1705 1510 1746 the
1533 1705 1656 1746 word.

118 1779 202 1819 add
234 1789 278 1820 to
313 1780 419 1819 lexx.
453 1778 572 1819 Seru.
604 1779 710 1819 Aen.
743 1789 792 1817 VI
826 1780 907 1817 218
941 1778 964 1818 f.
998 1788 1048 1817 IX
1077 1776 1159 1817 487
1193 1776 1279 1816 and
1312 1775 1350 1817 h.
1380 1776 1416 1823 l.,
1444 1775 1527 1816 and
1562 1790 1590 1816 s.
1621 1790 1656 1816 v.

112 1847 306 1902 pollinga)
340 1846 437 1888 Seu.
460 1847 526 1887 De
549 1847 653 1887 Vita
675 1847 811 1887 Beata
835 1849 856 1886 7
880 1846 899 1901 ξ
923 1848 945 1885 2
970 1846 993 1886 f.

206 1932 244 1973 p.
268 1919 322 1958 46
346 1917 369 1958 l.
394 1916 445 1958 27
470 1917 712 1957 Theodoret
753 1916 899 1957 Graec.
938 1916 1020 1956 Aff.
1059 1914 1157 1956 Cur.
1196 1925 1250 1954 ΙΙΙ
1284 1911 1322 1969 §g
1349 1915 1403 1954 32
1441 1915 1495 1954 33
1532 1927 1570 1968 p.
1603 1914 1658 1953 43
1679 1930 1721 1961 25

120 1989 146 2027 8
169 2001 252 2041 seq.
276 1986 464 2042 wrongly
486 2001 581 2041 says
611 1986 709 2026 that
738 1984 866 2033 Nero,
888 1983 1123 2032 Domitian,
1146 1983 1230 2023 and
1260 1982 1521 2024 Commodus
1550 1997 1659 2023 were

120 2055 286 2096 deified.

207 2139 244 2179 p.
268 2126 321 2165 46
346 2124 368 2165 l.
394 2126 446 2164 28
470 2135 669 2164 ACCEPTo
703 2134 850 2164 FERRE
885 2130 993 2171 (mm
1018 2122 1140 2177 ferre
1167 2137 1213 2161 or
1239 2120 1400 2175 referre
1429 2119 1515 2162 Cio.
1539 2119 1657 2161 Caes.

124 2193 225 2234 Hor.
245 2194 279 2246 )(
294 2195 547 2248 empensum).
599 2193 653 2233 ad
684 2200 770 2233 nab.
799 2203 813 2231 I
845 2194 866 2232 7
892 2206 930 2246 p.
956 2192 1008 2231 ΤΟ
1032 2191 1054 2231 l.
1082 2193 1131 2230 12
1164 2189 1288 2230 Wiss.
1321 2195 1500 2230 ceteram
1529 2204 1655 2243 quam

121 2277 282 2303 uanum
310 2268 369 2304 est
399 2263 607 2317 profanos
635 2263 741 2302 scire
770 2261 878 2316 qaod
906 2261 1062 2302 nesciat
1089 2259 1314 2300 sacerdos!
1363 2264 1497 2300 tacent
1527 2259 1661 2313 igsitar
1679 2277 1723 2307 30

121 2336 158 2372 et
179 2337 342 2385 accepto
361 2331 523 2386 ferunt.
567 2330 730 2371 Paulin.
751 2330 846 2370 Nol.
867 2330 943 2385 Ep.
968 2332 1016 2369 11
1044 2332 1068 2370 9
1091 2344 1150 2383 pr.
1196 2327 1355 2383 [Study
1377 2328 1424 2368 of
1439 2328 1658 2369 Ambrosi-

120 2407 236 2440 aster
256 2414 294 2454 p.
321 2400 384 2448 79,
407 2400 491 2440 and
514 2400 636 2441 Thes.
660 2411 675 2439 Ι
699 2401 778 2440 321
806 2401 858 2438 82
882 2399 923 2439 ff.
980 2398 1029 2438 A.
1053 2397 1115 2451 8.]

209 2484 246 2523 p.
270 2471 324 2509 46
348 2469 370 2509 l.
395 2471 448 2509 30
472 2479 771 2509 LARENTINAM
814 2483 844 2509 c.
883 2470 934 2508 25
972 2467 1037 2507 bis
1074 2482 1111 2521 p.
1146 2468 1199 2507 86
1235 2466 1258 2506 l.
1293 2467 1345 2505 28
1380 2480 1417 2520 p.
1448 2468 1502 2506 88
1540 2466 1563 2506 1.
1594 2468 1658 2507 23.

122 2537 280 2578 Minue.
314 2539 366 2578 25
403 2536 467 2591 §9
504 2552 604 2578 sane
640 2543 676 2578 et
711 2538 829 2578 Acca
859 2537 1063 2577 Larentia
1096 2542 1133 2577 et
1163 2536 1296 2576 Flora
1327 2536 1561 2576 meretrices
1592 2535 1658 2589 [cf.

124 2608 322 2661 Ps.—Aug.
360 2607 534 2659 Quaeso.
575 2609 656 2647 114
697 2606 772 2662 §9
816 2607 865 2647 A.
904 2606 966 2659 S]
1012 2605 1299 2660 propudiosae
1348 2605 1458 2645 inter
1498 2604 1660 2646 morbos
1680 2623 1722 2654 35

123 2676 414 2717 Romanorum
455 2681 491 2717 et
532 2676 627 2716 deos
667 2675 981 2729 computandae.
1044 2674 1201 2714 Arnob.
1240 2684 1254 2713 I
1297 2675 1350 2713 28
1388 2688 1441 2713 m.
1474 2674 1517 2713 in
1555 2673 1659 2714 cini-

122 2745 276 2787 tatibns
312 2745 514 2785 maa-imis
547 2751 669 2799 atque
704 2745 750 2784 in
786 2743 1090 2799 potentioribus
1125 2743 1300 2797 populis
1333 2757 1454 2784 sacra
1497 2741 1660 2796 publice

115 2813 229 2868 fiant
265 2813 412 2854 scortis
449 2813 676 2854 meritoriis
712 2812 923 2867 qnondam
959 2818 1082 2866 atque
1117 2812 1159 2852 in
1193 2811 1411 2866 uolgarem
1443 2811 1656 2852 libidinem
