1827 3004
116 112 157 152 p.
182 101 236 139 22
258 100 284 141 1.
310 101 380 153 26]
637 101 1074 145 APOLOGETICVS
1107 106 1130 145 6
1573 104 1650 144 183

115 227 195 252 von
224 213 307 254 (len
336 213 512 269 Ihrigen
544 216 654 267 (sui)
675 231 772 256 zum
802 217 1061 273 Hungertod
1088 217 1356 258 verurtheilb.
1418 216 1579 257 Fabius
1606 216 1650 257 in

115 281 222 322 Plin.
244 282 326 323 ].c.''
388 283 444 325 So
467 283 607 325 Fatua
628 284 672 325 in
695 285 813 327 Lact.
835 298 849 326 Ι
875 289 940 327 22.

199 366 239 406 p.
263 353 315 391 22
339 352 363 391 l.
387 351 438 392 17
463 364 634 393 OSCVLA
667 354 768 394 Arn.
793 366 827 394 ΙΙ
853 355 904 396 67
928 355 1000 396 fin.
1022 357 1199 410 (among
1227 355 1416 396 obsolete
1443 354 1651 402 fashions)

112 418 225 460 cited
248 420 394 462 above.
455 421 561 462 Gell.
583 433 612 462 X
632 424 698 463 23.
749 423 910 464 Athen.
933 435 963 464 X
988 426 1054 465 13.
1105 424 1302 479 P11112.q11.
1317 424 1439 465 Rom.
1458 425 1495 465 6.
1542 423 1649 464 Plin.

114 500 196 529 XIV
217 487 236 545 ξ
259 492 311 531 90
347 490 447 532 Cato
476 491 567 532 ideo
596 493 855 546 propinquos
875 493 1057 548 feminis
1086 494 1269 535 osculum
1291 493 1395 534 dare
1426 498 1470 534 ut
1497 493 1650 534 scirent
1667 507 1686 539 5

111 574 167 599 an
189 565 379 601 temetum
403 561 564 603 olerent.
612 562 684 603 hoc
707 569 795 603 tum
816 578 958 604 nomen
983 564 1082 604 uino
1101 569 1202 611 erat,
1218 563 1328 604 ‘uncle
1349 568 1386 604 et
1408 562 1649 604 temulentia

109 629 338 684 appellata.
389 630 462 671 Cn.
497 630 712 672 Domitius
750 631 877 672 indeo
912 633 1212 686 pronimtiauit
1255 632 1471 673 mulierem
1509 631 1649 672 uideri

104 698 205 752 plus
232 699 326 739 uini
353 698 498 740 bibisse
527 714 654 754 quam
684 700 943 741 ualetiulinis
975 715 1103 742 causa
1134 701 1228 742 uiro
1259 701 1464 749 insciente,
1491 706 1528 741 et
1555 700 1646 741 dote

111 766 320 808 multauit.

194 851 231 891 p.
266 838 318 876 22
351 837 374 878 1.
410 838 462 878 19
495 848 754 879 SEXCENTOS
783 837 904 879 Hier.
935 839 1048 894 Mag.
1076 839 1193 880 misc.
1218 841 1240 879 2
1266 841 1331 880 15.
1392 838 1644 893 Marquardb
1664 855 1706 877 10

109 903 338 945 Privatleb.
360 917 375 945 Ι
399 907 452 947 69
475 921 515 946 n.
538 908 576 946 2.

192 988 229 1028 p.
255 975 307 1014 22
330 974 355 1014 l.
379 975 432 1015 20
455 985 653 1015 SCRIPSIT
682 975 881 1031 properly
902 976 1030 1017 misit.
1091 976 1345 1032 Marquardt]
1375 975 1606 1017 Privatleb.
1628 987 1643 1016 I

107 1043 159 1084 76
182 1057 223 1083 n.
248 1045 284 1083 1.

190 1126 229 1166 p.
254 1113 306 1151 22
337 1112 360 1152 1.
388 1114 439 1152 21
472 1124 589 1156 PRAE
618 1125 741 1154 AVRO
770 1120 851 1155 cet.
901 1115 1004 1155 cult.
1038 1115 1134 1155 fem.
1164 1126 1178 1155 1
1209 1117 1233 1156 9
1258 1116 1282 1155 f.
1344 1115 1452 1155 Plin.
1484 1126 1641 1155 XXXIII

101 1178 140 1235 §g
168 1182 338 1240 39÷40
368 1180 481 1222 idem
508 1182 618 1223 enim
650 1188 704 1231 tu,
732 1183 877 1231 Brute,
908 1184 1136 1224 mulierum
1158 1184 1337 1238 pedibus
1368 1199 1522 1224 aurum
1551 1198 1639 1237 (ses-
1661 1202 1701 1233 15

101 1255 237 1290 tatum
269 1251 438 1292 tacuisti
467 1257 504 1292 et
534 1267 607 1293 nos
634 1253 800 1293 sceleris
832 1254 1054 1307 arsyuimus
1081 1253 1206 1293 illum
1238 1254 1311 1307 qui
1336 1254 1506 1308 primus
1535 1268 1640 1294 auro

102 1318 349 1372 (ligynitatem
376 1334 452 1374 per
476 1320 626 1361 anulos
641 1320 780 1374 fecit!
841 1321 1017 1362 habeant
1039 1321 1080 1361 in
1107 1322 1276 1362 lacertis
1296 1322 1385 1362 iam
1415 1321 1582 1376 quidem
1604 1328 1641 1363 et

106 1387 201 1435 uiri,
219 1388 331 1442 quocl
352 1403 400 1429 εει·
415 1389 640 1430 Dardanis
655 1390 970 1445 uenit—itaque
991 1396 1028 1431 et
1045 1390 1320 1431 Dardanium
1345 1390 1584 1431 uocabatur.
1597 1423 1604 1430 .
1616 1424 1638 1439 .‚

101 1456 480 1511 habeantfeminae
500 1458 546 1498 in
569 1459 757 1499 armillis
778 1459 1004 1514 (liyitisque
1024 1460 1130 1507 toti-5,
1154 1460 1267 1508 collo,
1284 1459 1470 1507 auribus,
1487 1459 1640 1514 spiris‚·

99 1524 342 1567 ‹lis-currant
359 1532 526 1568 catenae
543 1528 654 1569 circa
674 1528 811 1569 latera
828 1534 865 1570 et
886 1529 929 1569 in
946 1534 1096 1570 secreto
1119 1528 1459 1582 maryaritarum
1479 1528 1640 1569 sacculi
1657 1545 1700 1566 20

99 1608 119 1634 e
141 1594 244 1635 collo
266 1594 532 1635 dominarum
559 1611 685 1637 aureo
712 1596 935 1651 pendeant,
956 1603 1001 1637 ‘ut
1022 1597 1067 1637 in
1087 1611 1229 1637 somno
1258 1611 1414 1651 quoque
1435 1597 1637 1637 unionum

99 1663 347 1704 conscientia
378 1664 491 1705 adsit
504 1679 519 1714 ;
550 1665 731 1706 etiamne
755 1665 935 1720 pedibus
965 1665 1165 1707 induetur
1197 1671 1319 1720 atque
1349 1666 1459 1707 inter
1485 1665 1637 1707 stolam

96 1731 332 1787 plebemque
362 1733 469 1774 hunc
500 1733 685 1774 ‘medium
705 1734 976 1789 feminarum
1004 1740 1230 1789 equestrem
1259 1734 1447 1775 ordinem
1468 1733 1637 1789 faciet?

98 1801 202 1841 Arn.
225 1813 258 1841 II
282 1803 334 1842 67
359 1803 386 1842 f.
407 1802 522 1843 cited
545 1803 691 1844 above.

185 1884 224 1924 p.
247 1872 299 1910 22
323 1871 348 1910 l.
371 1872 422 1910 22
450 1882 608 1912 VOTVM
631 1871 694 1913 i.e.
717 1873 898 1927 nuptiae.
950 1873 1003 1913 ad
1030 1878 1118 1913 nat.
1140 1884 1175 1913 II
1199 1875 1249 1913 11
1269 1872 1339 1913 fin.
1392 1872 1521 1928 Apul.
1546 1872 1633 1913 flor.
1652 1892 1694 1923 25

98 1950 112 1978 Ι
140 1944 164 1978 4
197 1954 236 1994 p.
262 1942 313 1979 18
342 1945 483 1993 tofsam
505 1941 667 1994 parari
686 1948 780 1983 uoto
802 1948 839 1983 et
856 1942 1020 1997 funeri.
1083 1947 1186 1982 met.
1208 1952 1257 1981 IV
1281 1943 1333 1982 26
1357 1956 1396 1996 p.
1420 1943 1501 1982 293
1524 1941 1633 1982 ‘uotis

99 2008 359 2062 nuptialibus
395 2015 519 2063 pacto
556 2010 695 2063 iuyali
726 2010 972 2051 destinatus.
1032 2010 1116 2065 dig.
1180 2009 1444 2050 Testament.
1486 2009 1632 2050 ludIcr.

97 2076 154 2116 M.
191 2077 375 2117 Grunnii
414 2077 666 2119 Corocottae
704 2080 842 2120 sorori
875 2093 988 2120 meae
1020 2078 1234 2130 Quirinae,
1267 2079 1383 2120 cuius
1413 2078 1457 2118 in
1489 2084 1632 2119 uotum

98 2146 287 2187 interesse
317 2162 395 2187 non
418 2148 552 2201 potui.
614 2148 712 2189 Sen.
734 2148 831 2189 ben.
854 2160 907 2189 III
939 2150 990 2190 16
1021 2154 1167 2190 ereunt
1196 2148 1462 2188 vmatrimonii
1491 2163 1630 2196 causa,

98 2214 251 2255 nubunt
276 2215 452 2269 repudii.
1649 2240 1692 2270 30

182 2300 220 2340 p.
244 2287 295 2325 22
319 2285 343 2325 l.
367 2287 420 2326 23
452 2297 587 2327 CIRCA
621 2288 644 2326 2
667 2302 707 2342 p.
732 2287 832 2327 101.
856 2290 892 2328 5.

180 2369 218 2409 p.
242 2355 293 2394 22
318 2354 342 2393 l.
366 2356 418 2394 25
442 2365 644 2395 LIBERVM
668 2366 745 2395 ΒΕ.
770 2358 864 2396 186.
885 2355 938 2396 ad
961 2361 1048 2396 nab.
1071 2366 1086 2395 Ι
1111 2357 1163 2395 10
1188 2370 1225 2409 p.
1246 2354 1297 2394 75
1324 2356 1376 2394 28
1394 2369 1478 2409 seq.
1503 2354 1628 2395 W'iss.

95 2422 233 2462 where
261 2422 349 2462 also
379 2421 562 2478 Serapis,
586 2423 680 2472 Isis,
709 2430 786 2464 cet.
840 2425 952 2479 Aug.
975 2423 1022 2465 C.
1044 2423 1096 2464 D.
1124 2435 1209 2463 VIII
1238 2425 1275 2464 9.
1305 2434 1425 2463 XVIII
1458 2425 1509 2463 13
1532 2438 1628 2478 pm.

94 2490 304 2531 Firmicus
326 2491 378 2531 de
401 2506 540 2531 errore
562 2493 667 2546 prof.
688 2493 761 2532 rel.
784 2494 808 2533 6
830 2490 849 2547 ξ
871 2494 894 2533 6
918 2498 997 2533 cet.
1060 2492 1219 2533 Preller
1240 2498 1342 2532 r6m.
1364 2492 1503 2547 Myth.
1533 2492 1628 2533 716.

95 2560 344 2614 Marquardt]
367 2565 435 2600 ΙΙΙ2
457 2563 509 2601 42
532 2576 572 2601 n.
596 2563 632 2601 2.
692 2562 825 2617 Bayle
847 2577 1012 2602 oeuvres
1035 2574 1087 2602 ΙΙΙ
1111 2564 1208 2603 368.
1645 2577 1687 2608 35

178 2644 216 2683 p.
250 2630 302 2668 22
335 2628 361 2668 l.
393 2630 445 2669 26
479 2640 861 2671 ELIMINAVERVNT
892 2631 945 2671 ad
978 2637 1065 2672 nab.
1097 2643 1129 2671 II
1165 2631 1186 2671 7
1211 2632 1270 2686 (p.
1295 2630 1373 2671 107
1402 2632 1453 2671 13
1481 2629 1625 2681 Wiss.)

93 2697 382 2738 criminatores
403 2697 575 2738 deorum
591 2705 739 2752 poetas
760 2699 980 2740 eliminari
1002 2699 1128 2740 Plato
1152 2699 1316 2740 censuit.
1380 2709 1395 2739 Ι
1420 2701 1472 2740 10
1493 2699 1552 2753 (p.
1571 2698 1623 2739 75

95 2767 148 2805 28
172 2765 315 2817 Wiss.)
347 2771 452 2806 certe
473 2765 670 2807 Liberum
696 2772 865 2821 patrem
887 2782 979 2808 cum
1000 2782 1121 2809 socru
1141 2782 1219 2808 sua
1248 2767 1431 2808 consules
1458 2773 1625 2809 senatus
