1827 3004
151 88 204 126 30
719 82 1117 123 TERTVLLIANI

148 199 408 240 candelabra
444 203 487 239 et
521 198 719 238 lucernae
753 201 798 237 et
832 209 959 236 canes
994 195 1127 249 aliqui
1163 201 1207 236 et
1241 195 1411 244 offulae,
1449 209 1561 249 quae
1594 195 1689 236 illos

150 279 206 319 ad
241 278 503 318 euersioneni
538 277 750 317 luminum
785 274 1047 315 extendant:
1100 279 1202 315 ante
1236 274 1381 315 onmia
1416 288 1515 315 cum
1549 280 1689 316 matre

152 363 195 398 et
230 371 371 398 sorore
408 362 484 397 tua
521 356 666 396 uenire
703 354 891 395 debebis.
954 353 1079 403 Quid,
1118 354 1152 394 si
1188 353 1406 394 noluerint
1442 354 1509 394 uel
1545 354 1689 395 nullae

149 437 336 478 fuerint?
377 436 481 490 quid
503 435 687 489 denique
708 434 942 489 singulares
964 433 1222 474 Christiani?
1285 433 1384 473 Non
1406 433 1498 483 erit,
1522 434 1686 488 opinor,

149 517 365 571 legitimus
398 516 665 556 Christianus
697 515 777 555 nisi
810 514 943 554 frater
975 519 1053 554 aut
1084 513 1209 554 filius.
1272 513 1385 562 Quid
1416 528 1543 564 nunc,
1579 519 1623 555 et
1654 515 1689 555 si
1709 526 1728 556 5

148 598 233 637 ista
261 596 406 637 onmia
432 596 590 650 ignaris
618 595 959 649 praeparantur?
1022 594 1146 635 Certe
1173 599 1325 648 postea
1353 600 1618 649 cognoscunt
1646 600 1690 635 et

149 673 365 714 sustinent
410 678 453 713 et
496 673 738 727 ignoscunt.
800 672 972 712 Timent
1016 671 1159 725 plecti,
1207 671 1241 712 si
1286 671 1567 725 proclament,
1615 672 1689 725 qui

149 750 322 790 defendi
353 748 645 798 merebuntur,
679 749 751 802 qui
784 749 916 789 etiam
946 748 1061 789 ultro
1092 749 1229 802 perire
1259 749 1414 789 malint
1445 763 1577 802 quam
1608 748 1688 789 sub

150 826 226 866 tali
266 826 526 866 conscientia
566 825 724 866 uiuere.
785 825 875 879 Age
914 839 1029 865 nunc
1068 825 1267 874 timeant,
1310 839 1384 865 cur
1424 825 1555 865 etiam
1595 839 1687 878 per-

145 903 375 943 seuerant?
438 902 641 955 Sequitur
675 902 801 951 enim,
838 916 890 941 ne
924 902 1038 942 ultra
1071 901 1177 942 uelis
1209 901 1254 942 id
1287 907 1331 942 te
1365 916 1454 942 esse
1488 902 1617 956 quod,
1653 902 1687 942 si
1714 920 1754 941 ιο

148 980 266 1034 prius
297 979 457 1027 scisses,
490 993 577 1019 non
607 978 771 1019 fuisses.

232 1123 274 1164 9.
332 1123 452 1163 Haec
489 1138 574 1176 quo
610 1123 745 1177 magis
781 1122 1076 1172 refutauerim,
1114 1137 1138 1163 a
1174 1122 1299 1163 uobis
1333 1122 1424 1163 fieri
1459 1122 1687 1163 ostendam

148 1200 308 1254 partim
338 1200 383 1240 in
413 1205 577 1253 aperto,
611 1200 771 1253 partim
802 1200 846 1239 in
877 1199 1060 1249 occulto,
1093 1213 1168 1254 per
1199 1199 1317 1253 quod
1347 1198 1530 1240 forsitan
1561 1204 1605 1240 et
1635 1199 1688 1239 de

147 1278 272 1318 nobis
312 1277 564 1318 credidistis.
626 1276 823 1317 Infantes
863 1291 993 1330 penes
1032 1276 1223 1317 Africam
1265 1276 1453 1317 Saturno
1492 1276 1687 1317 immola-

152 1355 309 1395 bantur
346 1355 491 1408 palam
530 1368 665 1408 usque
703 1354 759 1394 ad
798 1353 1153 1408 proconsulatum
1191 1353 1361 1402 Tiberii,
1403 1353 1476 1407 qui
1515 1353 1687 1393 eosdem
1712 1369 1751 1400 15

146 1431 391 1472 sacerdotes
433 1431 477 1471 in
521 1431 679 1471 eisdem
723 1430 949 1471 arboribus
991 1429 1143 1484 templi
1185 1429 1250 1470 sui
1293 1429 1689 1470 obumbratricibus

147 1508 354 1548 scelerum
379 1508 534 1548 uotiuis
555 1507 751 1548 crucibus
772 1507 985 1561 exposuit,
1007 1512 1119 1547 teste
1138 1506 1292 1547 militia
1313 1507 1479 1560 patriae
1498 1512 1685 1556 nostrae,

149 1600 260 1639 quae
286 1585 330 1626 id
357 1586 499 1639 ipsum
528 1599 684 1625 munus
712 1585 771 1626 illi
800 1584 1043 1639 proconsuli
1071 1584 1223 1626 functa
1251 1590 1328 1625 est.
1390 1584 1473 1624 Sed
1502 1590 1545 1625 et
1572 1599 1686 1624 nunc

147 1662 192 1702 in
214 1662 382 1703 occulto
406 1667 705 1716 perseueratur
728 1661 808 1702 hoc
831 1675 1001 1702 sacrum
1023 1661 1204 1702 facinus.
1265 1661 1364 1702 Non
1386 1661 1464 1701 soli
1486 1675 1564 1701 uos
1588 1675 1684 1701 con-

146 1745 352 1781 temnunt
379 1740 622 1790 Christiani,
652 1754 730 1781 nec
758 1741 893 1781 ullum
920 1740 1056 1781 scelus
1083 1741 1127 1781 in
1155 1746 1415 1795 perpetuum
1443 1740 1687 1781 eradicatur
1708 1757 1752 1778 20

146 1823 226 1858 aut
246 1832 383 1858 mores
404 1832 502 1858 suos
524 1818 656 1872 aliqui
678 1818 783 1858 deus
804 1823 962 1858 mutat.
1023 1818 1131 1858 Cum
1152 1818 1334 1872 propriis
1355 1817 1451 1857 filiis
1473 1817 1686 1858 Saturnus

145 1910 234 1936 non
255 1896 457 1950 pepercit,
482 1896 697 1936 extraneis
718 1896 869 1950 utique
889 1911 977 1936 non
998 1896 1213 1951 parcendo
1235 1895 1553 1950 perseuerabat,
1578 1909 1686 1949 quos

148 1972 323 2026 quidem
345 1973 426 2027 ipsi
450 1978 649 2027 parentes
673 1973 737 2013 sui
762 1973 1003 2014 offerebant
1026 1979 1070 2014 et
1092 1973 1274 2014 libentes
1297 1973 1620 2027 respondebant
1643 1978 1711 2029 9²¹3„
1730 2003 1733 2005 .
1761 1979 1763 1981 ’

146 2048 388 2089 infantibus
427 2049 776 2099 blandiebantur,
818 2064 871 2090 ne
910 2050 1186 2090 lacrimantes
1224 2049 1565 2090 immolarentur.
1568 2043 1685 2129 sE't

147 2130 296 2166 tamen
313 2126 499 2166 multum
517 2126 747 2167 homicidio
764 2127 1042 2181 parricidium
1059 2126 1217 2167 differt.
1277 2126 1414 2167 Maior
1430 2131 1550 2167 aetas
1567 2127 1683 2181 apud
1707 2146 1724 2167 2
1729 2146 1748 2176 5

149 2200 292 2242 Gallos
314 2202 521 2243 Mercurio
544 2208 806 2257 prosecatur.
867 2203 1064 2244 Remitto
1086 2203 1256 2244 fabulas
1278 2204 1481 2244 Tauricas
1502 2204 1684 2244 theatris

144 2278 245 2318 suis.
306 2279 416 2319 Ecce
443 2280 487 2320 in
514 2280 586 2320 illa
614 2280 928 2334 religiosissima
957 2281 1062 2321 urbe
1090 2281 1391 2322 Aeneadarum
1418 2281 1586 2335 piorum
1620 2286 1685 2321 est

148 2355 315 2409 Iupiter
346 2357 523 2410 quidam
555 2372 684 2411 quem
720 2358 831 2398 ludis
866 2359 952 2399 suis
986 2358 1177 2399 humano
1213 2360 1420 2414 sanguine
1462 2359 1682 2414 proluunt.

148 2431 231 2471 Sed
269 2431 472 2482 bestiarii,
511 2434 704 2487 inquitis.
763 2434 872 2484 Hoc,
913 2436 1077 2489 opinor,
1118 2436 1260 2477 minus
1298 2451 1430 2491 quain
1469 2436 1680 2477 hominis?

145 2508 214 2548 An
238 2509 318 2549 hoc
340 2510 522 2564 turpius,
549 2511 665 2564 quod
689 2512 790 2552 mali
814 2512 1025 2553 hominis?
1068 2518 1183 2554 certe
1206 2518 1354 2554 tamen
1377 2513 1431 2554 de
1454 2513 1684 2554 homicidio
1708 2531 1750 2562 30
1782 2530 1784 2532 ·

147 2584 357 2626 funditur.
419 2586 453 2627 O
494 2587 644 2628 Iouem
685 2588 977 2630 Christianum
1018 2595 1062 2630 et
1100 2590 1239 2631 solum
1279 2591 1416 2645 patris
1455 2590 1591 2631 filium
1631 2591 1684 2631 de

148 2662 423 2704 crudelitate!
485 2664 567 2705 Sed
599 2666 804 2719 quoniam
834 2667 887 2707 de
916 2667 1187 2708 infanticidio
1218 2667 1324 2708 nihil
1352 2668 1534 2708 interest
1562 2681 1682 2709 sacro

144 2751 203 2778 an
240 2739 416 2780 arbitrio
455 2747 738 2795 perpetretur,
777 2743 878 2783 licet
914 2743 1192 2797 parricidium
1229 2743 1459 2784 homicidio
1496 2743 1680 2793 intersit,
