1827 3004
99 99 139 139 p.
168 85 294 126 1021.
322 87 394 140 23]
591 84 1028 126 APOLOGETICVS
1062 87 1115 125 35
1546 85 1628 124 363

101 215 199 240 nani
236 215 391 241 ‘uesana
421 201 560 256 factio
602 201 954 242 ncbz'le'ssimorum
996 201 1195 241 iuuenum
1231 214 1380 254 pacem
1415 198 1629 253 publicam

100 269 292 323 infestat,·
330 271 494 324 passim
527 271 760 312 trucidatos
786 285 866 324 per
901 270 1060 311 medias
1093 270 1257 324 plateas
1290 267 1448 309 uidebis
1483 267 1628 307 iacere.

103 337 222 378 Philo
252 339 362 379 Adu.
393 339 527 380 Flaec.
556 337 575 393 ξ
605 339 654 379 17
684 354 720 394 p.
746 340 825 380 537
851 339 906 379 Μ.
930 340 976 378 of
1002 339 1075 379 the
1107 337 1255 378 θίασοι
1283 343 1328 377 ab
1357 334 1628 376 Alexandria.

99 408 147 448 cf.
177 407 271 448 qu.
303 410 327 447 3
361 408 442 449 278
472 408 610 449 ebrius
635 423 684 449 ac
706 408 914 462 petulans,
944 408 1016 461 qui
1049 407 1212 447 nullum
1231 406 1348 459 forte
1376 404 1522 447 cecidit
1551 409 1628 443 Coty.

99 476 188 516 The
212 477 323 517 word
354 476 395 516 in
420 476 519 517 Sall.
544 476 664 517 Lucr.
692 477 814 531 Verg.
840 476 931 516 Liu.
956 475 1120 517 Colum.
1145 475 1270 515 Plin.:
1302 474 1385 514 add
1413 473 1517 514 Bell.
1541 472 1628 512 Afr.
1650 485 1669 516 5

100 547 164 585 32.
227 545 366 586 Rufin.
406 545 519 587 Hist.
559 546 666 586 Eccl.
706 557 753 585 IX
792 549 817 585 8
855 560 892 600 p.
932 547 1014 585 520
1049 560 1107 599 pr.
1147 545 1245 598 [but
1277 544 1338 584 ed.
1379 544 1629 589 Mommsen,

99 629 134 668 p.
161 616 239 654 821
275 614 296 655 l.
322 616 386 660 20,
421 615 675 669 apparently
698 614 800 655 with
829 615 884 654 all
912 625 1005 661 MSS,
1033 614 1273 654 aceruatim.
1317 612 1432 665 ΑΒ]
1484 610 1628 652 Sidon.

101 683 174 737 Ep.
199 694 212 722 Ι
239 685 286 722 11
306 698 358 723 m.
382 683 516 735 [more
538 682 581 723 in
605 683 728 723 Thes.
766 682 893 736 A.S.].

185 763 435 792 CVRSITARE
467 752 605 793 ‘rare'
665 752 757 793 Ter.
789 752 874 794 Cic.
906 752 1008 792 Hor.
1039 754 1113 805 (2).
1177 751 1333 793 Cornif.
1365 750 1484 792 Such.
1515 751 1629 800 (ter).

97 821 178 861 add
209 821 335 875 Apul.
366 821 540 862 Metam.
568 833 616 861 IX
641 824 705 862 33.
768 822 1017 876 Hieronym.
1048 822 1170 876 Apol.
1201 836 1232 862 o.
1263 821 1403 861 Rufin.
1428 832 1442 860 Ι
1466 822 1520 860 30
1543 819 1629 872 [see
1651 832 1694 854 10

99 888 220 928 Thes.
283 887 409 941 A.S.].

184 972 221 1011 p.
252 959 330 997 102
362 957 384 997 l.
418 960 468 997 18
500 957 567 997 Ad
599 958 723 998 Mart.
755 959 778 997 2
802 973 839 1012 p.
856 973 908 998 m.
933 958 999 1008 (cf.
1023 972 1060 1012 p.
1089 959 1169 997 102
1194 958 1232 997 ll.
1259 958 1418 1008 28-—9)
1441 955 1551 996 cited
1577 970 1629 994 on

98 1027 120 1066 l.
147 1029 211 1073 14,
234 1027 338 1067 then
362 1027 543 1067 follows:
574 1042 655 1068 non.
678 1028 931 1068 clamoribus
957 1028 1299 1082 spectaculorum,
1323 1026 1542 1067 atrocitate
1568 1025 1630 1065 uel

87 1095 243 1151 furore
277 1097 340 1137 uel
375 1097 643 1151 impudicitia
674 1097 968 1138 celebrantium
1004 1096 1201 1137 caederis.

185 1181 221 1221 p.
260 1169 339 1206 102
387 1167 409 1207 1.
444 1169 493 1206 21
539 1178 728 1207 OCCAslo
772 1178 1008 1206 LVXVRIAE
1050 1166 1116 1207 De
1148 1166 1294 1206 Idolol.
1333 1168 1353 1204 1
1391 1180 1428 1219 p.
1462 1167 1513 1205 31
1550 1164 1571 1204 l.
1605 1165 1694 1210 315

99 1235 221 1275 VViss.
244 1251 349 1289 quae
374 1237 481 1276 enini
508 1236 780 1277 idololatriae
808 1236 1066 1276 sollemnitas
1087 1236 1175 1275 sine
1197 1234 1419 1275 ambitione
1441 1234 1574 1274 cultus
1596 1239 1632 1273 et

98 1311 270 1344 ornatus
285 1305 301 1344 ,ἵ
359 1305 400 1344 in
430 1304 511 1344 illa
534 1305 738 1345 lasciuiae
766 1310 802 1345 et
824 1304 1048 1351 ebrietates,
1071 1319 1159 1345 cum
1184 1304 1418 1357 plurimmn
1443 1303 1574 1342 uictus
1596 1307 1632 1342 et

101 1373 255 1413 uentris
277 1379 313 1414 et
335 1373 523 1413 libidinis
545 1388 669 1414 causa
684 1373 1015 1428 frequententur.

183 1456 220 1496 p.
262 1443 341 1481 102
379 1441 401 1481 l.
442 1443 495 1482 23
537 1452 815 1482 EXPVNGERE
858 1441 911 1481 In
948 1441 1121 1483 Forcell.
1165 1440 1226 1480 ed.
1266 1439 1406 1479 Germ.
1443 1439 1527 1479 and
1562 1437 1630 1479 LS

96 1524 267 1563 espany.
291 1510 477 1563 effectum
508 1509 664 1562 (which
698 1525 841 1550 occurs
874 1509 918 1549 in
950 1509 1015 1549 De
1046 1508 1210 1549 Paenit.
1242 1510 1288 1560 3)
1317 1508 1351 1547 is
1380 1507 1493 1547 cited
1524 1508 1629 1546 from
1651 1526 1696 1548 20

97 1578 182 1619 this
205 1578 266 1618 ch.
320 1578 401 1619 See
419 1593 449 1619 c.
470 1580 493 1618 2
516 1593 553 1633 p.
570 1594 622 1619 m.
642 1594 679 1619 n.
697 1579 781 1618 and
799 1579 882 1618 add
900 1578 1010 1618 Adu.
1030 1577 1123 1618 Iud.
1145 1580 1193 1617 11
1213 1577 1284 1617 fin.
1302 1579 1353 1616 12
1371 1577 1440 1616 fin.
1462 1579 1513 1616 13
1530 1591 1566 1630 p.
1578 1591 1629 1616 m.

100 1649 152 1687 14
183 1662 220 1701 p.
238 1663 289 1687 m.
312 1647 388 1687 bis.
450 1647 516 1688 De
547 1647 710 1688 Paenit.
734 1650 759 1688 3
781 1647 851 1688 fin.
876 1649 900 1688 9
922 1647 992 1688 fin.
1055 1647 1119 1687 De
1143 1646 1289 1686 Idolol.
1316 1650 1332 1685 1
1355 1660 1414 1700 pr.
1442 1647 1492 1685 13
1514 1660 1551 1699 p.
1575 1646 1630 1684 44

96 1716 118 1756 l.
144 1718 196 1757 26
220 1716 342 1757 117155.
369 1719 420 1758 16
443 1732 481 1772 p.
506 1719 559 1757 50
582 1717 604 1757 l.
632 1721 651 1757 1
679 1717 801 1758 VViss.
827 1717 1092 1771 (eoepunctio).
1154 1716 1222 1756 Ad
1246 1716 1370 1756 Mart.
1396 1717 1431 1755 6.

183 1796 376 1826 LAVREIS
406 1786 498 1826 infr.
522 1786 560 1826 h.
584 1801 615 1826 c.
638 1785 703 1825 De
728 1785 820 1827 Cor.
846 1785 971 1826 Milit.
998 1787 1049 1826 13
1069 1786 1092 1825 f.
1115 1785 1275 1837 (where
1298 1788 1432 1831 more)
1456 1790 1499 1824 at
1521 1783 1631 1824 enini

97 1853 362 1895 Christianus
386 1870 454 1896 nec
480 1855 550 1895 ian
561 1870 610 1895 ua
621 1870 658 1894 ni
679 1869 801 1895 suam
823 1855 982 1895 laureis
1002 1854 1241 1909 infamabit,
1264 1853 1302 1893 si
1324 1853 1435 1893 norit
1457 1858 1631 1906 quantos
1650 1868 1693 1899 25

96 1923 190 1963 (leos
222 1924 347 1964 etiam
376 1924 491 1964 ostiis
521 1924 715 1964 diabolus
746 1923 936 1977 affixerit.
999 1923 1064 1963 De
1096 1922 1243 1963 Idolol.
1279 1925 1330 1962 15
1364 1937 1401 1977 p.
1434 1924 1488 1961 48
1518 1921 1541 1961 l.
1577 1923 1629 1960 18

102 1991 220 2032 Wiss.
250 1998 388 2033 autent
420 2006 452 2035 <
470 2008 613 2034 eoruni
643 1994 892 2034 claenzonuni
910 2005 940 2033 >
966 1999 1072 2041 sunt,
1095 1993 1166 2046 qui
1186 1993 1231 2032 in
1254 1992 1369 2032 ostiis
1391 1992 1630 2039 (alerentur,

98 2060 154 2101 (al
176 2051 245 2101 eos
268 2067 305 2102 et
327 2062 519 2102 lucernae
541 2068 577 2102 et
600 2062 768 2102 laureae
787 2061 1061 2116 pertinebunt.
1122 2061 1232 2100 idolo
1244 2060 1412 2115 feceris,
1435 2057 1631 2113 quicquid

99 2130 199 2170 ostio
225 2129 392 2184 feceris.
454 2130 527 2170 hoc
559 2130 599 2169 in
641 2131 725 2170 loco
762 2145 810 2170 ea:
843 2131 1088 2170 auctoritate
1119 2143 1274 2183 quoque
1304 2128 1386 2169 Dei
1422 2133 1630 2176 contestor,

98 2199 197 2252 quia
229 2214 299 2239 vnec
328 2205 461 2239 tutum
489 2205 546 2239 est
574 2199 824 2245 subtrahere,
854 2199 1135 2252 quodcumqae
1167 2199 1238 2238 uni
1258 2198 1399 2252 fuerit
1428 2203 1631 2238 ostensam
1651 2215 1695 2245 30

102 2268 236 2320 utique
262 2267 447 2307 omniunt
479 2282 616 2307 causa.
678 2268 760 2308 scio
781 2267 974 2321 fratrem
1001 2282 1080 2320 per
1115 2267 1323 2315 u‘z'sionem,
1345 2266 1489 2307 eadem
1520 2271 1632 2306 nocte

99 2335 349 2389 castiyatum
369 2336 571 2389 9rauiter,
589 2336 696 2390 quocl
717 2337 895 2376 ianuam
911 2336 1000 2377 eius
1020 2335 1152 2376 subito
1175 2335 1440 2376 adnuntiatis
1459 2334 1632 2389 [saucliis

92 2404 275 2458 publicis
304 2405 418 2445 serui
449 2411 718 2446 coronassent.
781 2411 817 2446 et
851 2411 985 2445 tumen
1022 2420 1098 2445 non
1133 2407 1222 2458 ipse
1254 2411 1528 2446 coronauerat
1558 2411 1632 2446 aut

91 2480 393 2527 praeceperut;
436 2488 534 2513 nam
566 2480 660 2515 ante
689 2480 961 2528 processerat,
994 2480 1030 2515 et
1062 2489 1273 2527 reyressus
1306 2474 1632 2527 reprehenderat

87 2542 255 2597 factum
273 2557 283 2581 .·
310 2541 412 2582 adeo
434 2543 550 2596 apud
571 2543 693 2583 eleum
716 2544 756 2583 in
781 2543 1021 2584 huiusmodi
1037 2543 1163 2583 etiam
1185 2543 1413 2597 disciplina
1425 2543 1631 2598 familiae
1651 2561 1694 2592 35

99 2617 262 2651 nostrae
283 2610 566 2651 aestimamur.
628 2611 723 2651 qu.
747 2612 771 2651 6
797 2610 848 2652 79
877 2617 1076 2652 ornentur
1101 2618 1236 2666 postes
1257 2618 1294 2653 et
1312 2613 1473 2666 9rancli
1497 2613 1627 2653 iancea

99 2681 232 2720 lauro.
295 2679 391 2720 Sen.
424 2680 596 2735 Thyest.
631 2682 799 2721 54-56
837 2687 1007 2722 ornetur
1043 2681 1179 2721 altuni
1212 2682 1397 2722 columen»
1434 2687 1471 2722 et
1507 2682 1630 2723 lauro

89 2750 210 2804 fores
237 2748 240 2803 Ι
271 2749 404 2791 laetae
438 2750 664 2791 aire-scunt:
694 2749 847 2804 olianus
877 2750 1063 2792 aduentu
1095 2756 1161 2792 tuo
1189 2749 1193 2804 Ι
1221 2750 1481 2805 splendescat
1508 2752 1631 2806 iynis.
