1827 3004
183 120 259 161 198
742 117 1142 159 TERTVLLIANI
1394 117 1452 170 [p.
1478 119 1530 157 30
1551 116 1578 157 l.
1604 118 1715 156 23-—

169 236 291 290 filios
330 250 425 276 suos
459 249 541 276 non
580 235 780 289 apposuit,
809 235 882 276 sed
922 235 1102 276 uorauit.
1166 234 1312 275 merito
1353 234 1393 275 ei
1423 234 1469 274 in
1500 232 1714 274 nonnullis

179 303 360 359 Africae
378 303 574 358 partibus
595 319 622 344 a
647 303 896 358 parentibus
917 302 1102 358 infitntes
1129 302 1471 350 immolabantur,
1493 301 1714 343 blanditiis

178 378 215 413 et
255 373 390 413 osculo
431 372 726 427 comprimente
761 372 966 426 uaqitum,
1006 387 1055 413 ne
1087 371 1246 426 flebilis
1287 371 1422 412 hostia
1461 370 1711 411 immoletur.

178 439 196 496 ξ
217 443 243 481 4
268 441 422 482 Tauris
442 441 570 482 etiam
586 441 777 483 Ponticis
797 447 835 482 et
850 441 1061 496 Aegyptio
1083 440 1281 481 Busiridi
1301 440 1410 480 ritus
1420 439 1515 495 fuit
1536 439 1714 493 hospites

138 523 157 553 5
177 510 422 550 immolare:
455 516 491 551 et
512 510 724 552 Illercurio
749 510 896 552 Gallos
916 510 1126 550 humanas
1148 510 1214 550 ¹uel
1235 509 1493 550 inhumanas
1514 509 1714 550 uictimas

177 579 355 620 caedere.
418 578 604 620 Romani
657 579 864 620 Graecum
904 585 943 620 et
987 578 1205 627 Graecam,
1239 578 1413 620 Gallum
1449 584 1486 619 et
1529 578 1714 624 Gallam,

177 648 390 702 sacrificia
420 647 610 689 uiuentes
640 648 829 690 obruere:
860 648 1059 703 hodieque
1084 647 1136 689 ab
1165 648 1270 702 ipsis
1295 648 1487 689 Latiaris
1517 647 1716 702 Iuppiter

178 717 402 758 homicidio
427 717 576 758 colitur
596 723 644 766 et,
665 717 774 772 quod
794 717 976 759 Saturni
990 718 1088 771 filio
1110 717 1286 771 dignum
1308 723 1378 765 est,
1400 717 1507 758 mali
1537 723 1574 758 et
1598 716 1716 757 noa‘ii

179 785 358 826 hominis
378 786 581 840 sanquine
600 786 835 841 saqinatur.
893 785 962 828 On
983 785 1185 841 offerings
1208 787 1253 827 of
1270 785 1463 827 children
1484 791 1529 826 to
1552 784 1714 826 Saturn

119 870 160 892 10
180 856 295 896 Lact.
319 867 335 895 I
358 857 408 896 21
433 854 472 912 ἐξ
493 857 644 897 9-15,
707 855 891 897 Lasaulx
916 855 1103 897 Studien
1124 871 1162 911 p.
1187 858 1269 897 250
1291 871 1330 897 n.
1356 857 1437 897 109
1461 856 1509 896 cf.
1534 855 1714 896 107—8.

181 927 260 965 251
285 940 324 966 n.
349 926 442 965 113.
467 927 551 965 253
572 940 612 966 n.
637 927 730 967 130.
792 925 941 965 Allard
965 925 1025 966 les
1047 924 1264 966 dernieres
1286 924 1578 980 persecutions
1602 926 1695 964 218.

265 1004 484 1035 LIBENTES
506 994 559 1035 ad
583 993 704 1049 Scap.
729 996 753 1034 2
776 1009 870 1036 cum
892 1000 928 1036 et
949 994 1109 1036 hostiae
1129 995 1180 1036 ab
1202 995 1345 1036 animo
1369 994 1512 1036 libenti
1529 1000 1716 1048 emposta-

181 1063 318 1105 lentur
348 1063 650 1119 respondebant
680 1064 894 1119 appeared
916 1064 1040 1105 when
1071 1064 1217 1113 called,
1246 1079 1291 1105 so
1319 1079 1425 1119 resp.
1458 1063 1515 1104 ad
1545 1069 1717 1118 tempus,

181 1133 237 1173 ad
268 1133 378 1173 diem
410 1138 488 1174 etc.
551 1132 732 1174 Gronov.
764 1132 850 1174 obs.
883 1143 918 1173 ΙΙ
951 1134 977 1173 4
1008 1147 1048 1188 p.
1084 1135 1254 1174 122-4
1286 1133 1353 1174 Fr.
1416 1132 1485 1174 On
1516 1133 1591 1173 the
1622 1147 1716 1187 pro-

119 1218 158 1248 15
179 1202 387 1257 pitiatory
422 1217 498 1243 use
539 1202 586 1243 of
620 1202 746 1243 blood
780 1201 965 1243 Lasaulx
1004 1201 1128 1244 Stud.
1162 1202 1256 1244 237.
1318 1201 1425 1243 Plin.
1460 1213 1561 1242 XXX
1602 1200 1621 1257 ἓ
1663 1203 1717 1241 12

179 1282 337 1312 DCLVII
371 1272 431 1324 (=
448 1282 524 1312 ΒΩ.
564 1272 638 1324 97)
679 1271 847 1312 demum
888 1285 997 1312 anno
1033 1270 1151 1312 urbis
1195 1270 1265 1312 Cn.
1311 1270 1501 1312 Cornelio
1542 1270 1720 1311 Lentulo

178 1341 229 1382 P.
265 1340 428 1382 Licin-io
462 1340 613 1382 Crasso
645 1355 742 1382 coss.
774 1346 943 1382 senatus
974 1340 1208 1381 consultum
1227 1339 1401 1395 factum
1432 1345 1500 1388 est,
1521 1355 1572 1381 ne
1599 1340 1720 1381 homo

178 1410 484 1459 immolaretur,
511 1410 746 1465 palamque
777 1410 845 1464 fit,
876 1410 923 1450 in
962 1415 1126 1464 tempus
1165 1409 1276 1450 illud
1317 1424 1443 1451 sacra
1468 1409 1720 1464 prodiqiosa

180 1480 397 1522 celebrata.
459 1478 478 1536 ξ
513 1481 565 1521 13
600 1479 762 1521 Druids
793 1479 1049 1535 suppressed
1080 1478 1125 1520 in
1158 1478 1269 1520 Gaul
1301 1479 1358 1534 by
1389 1479 1598 1527 Tiberius,
1630 1478 1719 1520 still

119 1565 162 1586 20
179 1554 379 1604 rampant,
410 1549 456 1589 in
487 1549 667 1590 Britain.
729 1563 800 1590 nec
830 1549 936 1590 satis
967 1549 1188 1590 aestimari
1224 1554 1358 1602 potest
1393 1554 1598 1603 quantum
1633 1548 1718 1589 Ro-

181 1619 320 1659 manis
341 1618 538 1660 debeatur
558 1619 631 1674 qui
650 1619 853 1660 sustulere
875 1624 1063 1660 monstra
1085 1618 1130 1658 in
1147 1617 1294 1672 quibus
1314 1617 1520 1659 hominem
1539 1617 1722 1659 occidere

180 1687 547 1741 reliqiosissimum
577 1693 679 1736 erat,
710 1686 862 1728 mandi
892 1700 992 1728 uero
1028 1687 1157 1728 etiam
1196 1686 1537 1727 saluberrimum.
1599 1684 1722 1726 Suet.

183 1757 331 1799 Claud.
357 1759 421 1798 25.

268 1841 308 1881 p.
331 1828 385 1867 30
409 1826 432 1867 l.
457 1828 509 1867 25
533 1837 681 1866 MAIOR
702 1836 844 1866 AETAS
866 1825 914 1866 cf.
938 1840 976 1880 p.
1000 1826 1054 1866 30
1076 1825 1117 1865 11.
1141 1824 1264 1866 6-7.

122 1911 164 1944 25
269 1910 307 1950 p.
332 1897 385 1936 30
409 1895 432 1936 l.
453 1896 506 1936 26
529 1906 767 1936 MERCVRIO
790 1894 932 1950 Scorp.
957 1895 979 1935 7
1005 1894 1075 1934 fin.
1099 1893 1216 1934 Lact.
1240 1904 1255 1933 I
1279 1895 1330 1933 21
1355 1891 1374 1948 ξ
1395 1895 1420 1934 3
1446 1892 1566 1934 Galli
1586 1893 1723 1933 Esum

185 1970 306 2018 atque
344 1964 557 2005 Teutatem
585 1963 767 2005 humano
802 1978 948 2005 cruore
977 1962 1221 2017 placabant.
1283 1960 1401 2003 Caes.
1425 1961 1462 2002 b.
1493 1961 1542 2002 G.
1576 1973 1623 2002 IV
1658 1964 1720 2003 16.

186 2031 273 2074 Cic.
310 2047 349 2088 p.
387 2033 509 2074 Font.
541 2031 560 2088 ἓ
591 2034 657 2073 31.
710 2032 760 2073 D.
794 2032 850 2072 H.
886 2043 903 2072 Ι
944 2033 1012 2073 38.
1064 2031 1197 2072 Solin.
1230 2033 1296 2071 21.
1329 2030 1443 2071 Plu‘o.
1474 2030 1527 2071 de
1559 2045 1718 2086 supers.

188 2103 240 2142 13
267 2116 326 2156 pr.
356 2116 397 2156 p.
422 2103 515 2142 171.
576 2101 673 2142 Tac.
700 2100 842 2141 Germ.
867 2103 933 2141 10.
993 2100 1095 2141 Luc.
1117 2100 1224 2141 Bell.
1247 2099 1340 2142 Ciu.
1364 2111 1380 2139 Ι
1402 2101 1486 2140 444
1512 2105 1549 2141 et
1576 2099 1724 2154 quibus

186 2171 364 2212 immitis
405 2170 609 2225 placatur
652 2170 856 2224 sanquine
903 2170 998 2211 diro
1036 2170 1041 2224 Ι
1083 2169 1285 2219 Teutates,
1327 2169 1578 2223 horrensque
1606 2169 1723 2224 feris

125 2255 169 2287 30
188 2239 395 2281 altaribus
413 2240 535 2281 Esus.
586 2239 640 2280 ib.
660 2251 713 2280 111
731 2241 826 2281 399.
881 2238 938 2280 So
955 2239 1030 2280 the
1048 2238 1257 2280 Germans
1278 2238 1495 2279 sacrificed
1512 2238 1586 2279 the
1603 2254 1724 2294 army

187 2309 234 2349 of
259 2309 410 2350 Varus.
469 2309 566 2350 Tac.
591 2324 656 2349 an.
680 2319 696 2348 Ι
727 2310 778 2349 61
814 2308 920 2348 lucis
944 2308 1199 2362 propinquis
1229 2306 1434 2348 barbarae
1464 2320 1577 2355 arae,
1607 2306 1724 2362 apud

187 2391 291 2430 quas
326 2377 512 2418 tribunos
544 2391 593 2418 ac
622 2377 866 2431 primorum
902 2375 1097 2417 ordinwn
1133 2375 1389 2416 centuriones
1423 2380 1724 2416 mactauerant.

188 2447 244 2487 ib.
280 2458 368 2487 XIII
410 2447 461 2488 57
501 2448 678 2489 uictores
720 2445 1057 2499 [Hermunduri]
1094 2445 1312 2486 diuersam
1347 2443 1480 2485 aciem
1517 2443 1722 2497 [Chattos]

190 2515 327 2556 M'arti
358 2531 407 2557 ac
434 2516 647 2557 IlIercurio
671 2528 906 2562 sacrauere‚
939 2529 1017 2569 quo
1048 2519 1141 2555 uoto
1170 2513 1275 2568 equi,
1307 2513 1406 2561 uiri,
1438 2518 1584 2554 cuncta
1611 2513 1725 2554 uicta

129 2595 171 2628 35
191 2584 395 2625 occidioni
429 2584 600 2625 dantur.
660 2582 828 2623 Debails
865 2581 917 2624 D.
955 2581 996 2623 S.
1035 2593 1065 2621 V
1099 2583 1166 2622 30.
1226 2581 1309 2621 Dio
1342 2592 1495 2621 LXXIII
1532 2582 1568 2622 6.
1629 2580 1726 2621 Tac.

192 2662 274 2691 XIV
297 2653 364 2693 30.
423 2651 659 2692 Abolished
687 2651 744 2706 by
766 2650 840 2691 the
871 2650 1058 2691 Romans
1087 2650 1202 2690 Mela
1229 2661 1284 2690 ΙΙΙ
1312 2652 1335 2690 2
1363 2651 1401 2691 3.
1462 2649 1568 2690 Plin.
1591 2649 1724 2702 (cited

191 2719 355 2772 above).
1361 2728 1364 2730 '

278 2798 569 2828 PROSECATVR
592 2788 645 2827 23
667 2787 736 2828 46.
