1827 3004
68 124 110 165 p.
138 113 264 154 1061.
293 115 358 167 18]
525 115 960 158 APOLOGETICVS
993 118 1059 166 35,
1093 118 1145 158 36
1517 119 1596 159 371

71 224 232 268 Ennod.
266 230 348 269 245
383 232 435 270 10
459 230 512 270 H.
575 230 696 271 Seru.
718 231 771 271 ad
803 230 909 271 Aen.
933 242 982 271 IX
1005 233 1099 271 438.
1162 231 1286 286 Greg.
1310 231 1463 271 Turon.
1487 231 1599 271 Glor.

70 293 194 336 Mart.
218 307 233 335 Ι
266 297 330 338 57.
356 300 436 339 105
465 314 524 354 pr.
554 299 812 351 (collective)
838 299 939 353 [add
972 300 1091 340 Sirio.
1119 315 1183 355 ap.
1208 300 1372 340 De-Vit
1401 299 1484 340 and
1516 299 1599 340 ΡΞ.-

68 362 178 418 Aug.
203 364 338 405 Serm.
361 368 456 414 298,
480 370 514 408 1.
576 367 624 408 Α.
643 368 715 421 S.].

154 446 191 486 p.
218 435 298 474 106
330 435 352 475 l.
380 437 430 474 12
458 446 653 476 NECESSE
686 448 870 476 HABENT
901 447 1126 477 EXHIBERI
1158 438 1206 477 cf.
1239 452 1270 478 c.
1303 439 1357 478 33
1389 452 1449 492 pr.
1480 452 1599 492 quem

68 500 401 557 [imperatorem]
438 519 592 546 necesse
631 511 689 546 est
721 506 1002 559 suspiciamus
1036 512 1080 547 ut
1115 521 1219 555 eum,
1255 521 1375 560 quem
1406 506 1637 552 dominus-5

68 576 203 610 noster
242 571 418 626 elegerit.
471 574 524 614 37
557 589 616 629 pr.
651 589 690 615 n.
754 575 817 615 De
854 574 996 615 Anim.
1035 578 1088 615 35
1126 591 1165 630 p.
1203 578 1286 617 360
1324 576 1348 616 l.
1388 578 1439 617 13
1474 576 1597 617 VViss.

60 638 210 679 totiens
241 641 428 681 animam
461 642 657 683 reuocari
685 642 842 683 habere.
904 643 1015 684 Adu.
1050 644 1168 684 Prax.
1201 646 1227 684 4
1256 659 1293 699 p.
1322 647 1403 685 232
1427 645 1450 685 l.
1475 647 1498 686 9
1524 645 1596 685 Kr.

59 706 167 748 -acleo
203 713 342 749 autem
372 716 512 751 manet
551 710 835 764 [monarchia]
866 711 908 751 in
941 727 1014 752 suo
1044 718 1168 760 statu,
1202 713 1295 754 licet
1327 714 1499 754 trinitas
1531 714 1595 753 in-

48 773 243 829 feratur,
278 783 322 818 ut
352 778 481 819 etiam
514 779 679 820 restitui
708 779 856 820 habeat
886 780 1007 834 patri
1038 796 1061 821 a
1087 781 1195 835 filio.
1258 781 1320 823 Cf.
1352 782 1452 822 ibid.
1486 782 1508 823 l.
1545 784 1596 823 19

68 844 256 887 uidemus
276 847 410 900 iyitur
430 863 509 889 uon
543 848 674 889 obesse
702 849 970 890 monarchiae
1001 850 1206 904 [filium],
1228 852 1303 892 etsi
1330 851 1450 893 hodie
1481 852 1596 906 apud
1618 869 1659 890 10

55 913 202 966 filium
223 922 293 964 est,
314 917 414 970 quia
435 923 472 959 et
492 918 538 958 iu
558 932 632 958 suo
653 923 765 959 statu
795 925 852 959 est
881 918 997 972 apud
1020 919 1176 972 filium,
1198 925 1235 961 et
1265 935 1358 961 cum
1388 935 1460 961 suo
1485 926 1595 962 statu

62 983 373 1026 restituetur
399 987 521 1040 patri
545 1002 572 1027 a
593 987 701 1041 filio.
763 987 829 1027 De
860 987 1023 1028 Paenih.
1048 990 1140 1029 6111.
1168 989 1343 1043 quidam
1373 997 1512 1031 aedem
1539 991 1598 1032 sic

58 1051 301 1105 opinantur,
332 1055 458 1108 quasi
487 1055 588 1096 (leus
618 1069 774 1096 necesse
804 1055 953 1096 habeat
983 1063 1208 1110 praestare
1239 1058 1367 1098 etiam
1397 1058 1596 1113 incliynis,

59 1120 173 1174 quod
199 1123 431 1176 spopondit.
494 1124 610 1165 Lact.
633 1123 732 1164 Diu.
756 1124 883 1164 Instt.
908 1135 955 1164 IV
977 1127 1032 1166 30
1059 1123 1078 1181 ξ
1100 1128 1123 1165 2
1147 1132 1183 1167 et
1209 1127 1349 1180 ipsum
1376 1133 1413 1168 et
1439 1121 1597 1181 legjatos

61 1189 150 1230 eius
190 1191 467 1244 praedioeisse,
510 1192 618 1246 quod
652 1193 871 1247 plurimae
910 1199 1041 1234 sectae
1088 1200 1125 1234 et
1170 1194 1356 1236 haereses
1401 1195 1595 1237 haberent
1616 1212 1655 1242 15

55 1259 240 1300 existere.
304 1260 480 1301 Woodh.
532 1261 594 1303 Cf.
614 1262 688 1302 the
711 1262 926 1303 Romanae
949 1263 1124 1304 futures.
1183 1264 1327 1317 [Arch.
1352 1265 1375 1305 f.
1399 1265 1469 1305 lat.
1494 1264 1594 1306 Lex.

61 1339 94 1367 11
119 1330 299 1371 48—89.
327 1330 563 1373 157—202.
604 1331 720 1385 A.S.]

148 1414 185 1453 p.
212 1401 291 1440 106
321 1399 345 1440 l.
371 1401 424 1440 14
453 1411 536 1440 SVB
566 1401 672 1442 Plin.
695 1416 759 1456 ep.
783 1413 798 1441 Ι
822 1403 846 1442 2
873 1400 892 1458 ξ
915 1404 938 1442 5
965 1402 1039 1443 sub
1066 1402 1144 1443 hac
1170 1404 1399 1458 exceptione
1426 1403 1594 1444 ueniam

53 1468 283 1521 postulare.
345 1468 522 1511 sueton.
546 1469 665 1512 Caes.
691 1470 754 1512 78.

147 1553 185 1592 p.
211 1539 291 1579 106
324 1539 348 1580 l.
384 1541 434 1580 16
468 1550 707 1581 EXACTORE
778 1540 869 1582 No‘o
902 1541 946 1581 in
984 1541 1070 1583 Cic.
1132 1541 1275 1582 Below
1310 1556 1342 1582 c.
1376 1544 1431 1582 40
1472 1557 1510 1597 p.
1539 1558 1590 1583 m.
1613 1560 1656 1581 20

53 1608 336 1663 v(=2³.venger)
368 1609 578 1651 nocentiae
612 1610 794 1652 iudicem
824 1616 862 1651 et
892 1617 1134 1652 exactorem.
1225 1610 1291 1652 De
1324 1610 1439 1653 Cult.
1474 1612 1590 1653 Fem.

59 1686 93 1715 ΙΙ
115 1677 141 1715 4
164 1677 298 1717 omnis
327 1677 509 1718 maritus
540 1679 747 1720 castitatis
769 1693 836 1720 -or
868 1686 935 1720 est.

146 1756 518 1786 REMVNERATORE
533 1746 598 1787 De
614 1746 777 1788 Paenit.
794 1749 817 1787 2
832 1747 908 1788 bis.
961 1748 1071 1802 Aug.
1091 1748 1206 1804 uulg.
1255 1747 1353 1790 CIL
1375 1748 1449 1789 viii
1468 1748 1590 1790 7174.

60 1812 222 1854 Paulin.
245 1813 341 1855 Nol.
365 1828 428 1869 ep.
453 1816 505 1856 13
529 1817 582 1856 23
606 1816 628 1856 f.
653 1818 706 1857 23
729 1818 781 1858 31
807 1816 909 1870 [add
932 1817 1130 1872 Ps.-Aug.
1153 1832 1274 1858 serm.
1298 1824 1364 1858 ‘ner
1384 1818 1517 1871 A.S.].

144 1898 182 1938 p.
208 1886 288 1926 106
317 1884 341 1925 l.
371 1887 424 1925 18
452 1884 578 1926 Cone.
601 1885 746 1927 Carth.
770 1888 796 1927 4
828 1901 916 1927 can.
950 1889 1004 1927 10
1026 1887 1079 1940 (11
1114 1888 1261 1941 12008)
1287 1888 1523 1942 psalmista,
1544 1888 1590 1928 id
1610 1901 1651 1931 25

57 1959 116 1993 est
146 1959 303 2002 ccmtor,
319 1960 453 2008 potest
484 1954 634 2009 absque
663 1956 839 1996 scientia
870 1956 1062 2010 episcopi,
1091 1957 1183 1997 sola
1213 1957 1393 1998 iussione
1418 1957 1588 2012 presby-

57 2022 147 2069 teri,
170 2023 348 2077 officium
375 2024 582 2077 suscipere
603 2023 815 2072 cantandi,
837 2024 994 2065 dicente
1014 2024 1094 2065 sibi
1109 2024 1369 2079 presbytero:
1408 2025 1512 2066 Vide
1536 2031 1589 2074 ut,

54 2090 165 2144 quod
195 2106 265 2132 ore
296 2097 450 2141 cantas,
483 2092 602 2133 corde
633 2093 798 2134 credas:
839 2099 885 2142 et,
917 2093 1024 2147 quod
1055 2093 1177 2134 corde
1218 2094 1365 2142 credis,
1397 2094 1590 2149 operibus

57 2160 300 2213 comprobes.

140 2239 264 2268 MALE
296 2240 521 2269 COG1TARE
549 2236 627 2270 cet.
651 2230 699 2270 cf.
726 2231 917 2271 contritio
946 2230 1093 2279 cordis,
1118 2231 1318 2285 confessio
1346 2232 1442 2279 oris,
1463 2233 1587 2273 satis·
1609 2243 1652 2274 30

45 2295 185 2351 factio
200 2298 345 2350 operis.
381 2296 538 2338 Cowell
554 2298 598 2338 in
611 2298 1158 2351 Journ.0fPhil.111(1871)
1174 2300 1303 2340 215ff.
1322 2314 1375 2339 on
1390 2300 1588 2355 thought,

57 2365 166 2405 word
201 2365 285 2406 and
316 2366 434 2406 deed.
496 2366 711 2422 Athenag.
750 2369 802 2407 32
837 2382 874 2422 p.
909 2366 984 2408 36b
1017 2366 1078 2412 οἷς
1109 2367 1182 2409 οὖν
1212 2369 1345 2419 μηδὲν
1371 2369 1420 2409 τὸ
1449 2367 1589 2410 πλέον

55 2434 228 2486 ἔξεστιν
250 2433 355 2489 ὁρᾶν
376 2434 401 2487 ἢ
425 2435 490 2490 ἐφ’
514 2434 541 2475 ἃ
564 2435 762 2477 ἔπλασεν
784 2435 883 2479 τοὺς
905 2435 1164 2490 ὀφθαλμοὺς
1187 2434 1207 2477 ὁ
1242 2436 1346 2485 θεός,
1370 2438 1472 2489 ἡμῖν
1495 2439 1586 2492 φῶς

55 2502 213 2548 αὐτοὺς
251 2502 371 2552 εἶναι,
409 2503 480 2544 καὶ
516 2503 578 2548 οἷς
613 2502 660 2545 τὸ
701 2503 807 2545 ἰδεῖν
843 2502 977 2555 ἡδέως
1012 2505 1201 2560 μοιχεία,
1239 2505 1305 2559 ἐφ’
1343 2505 1467 2559 ἕτερα
1501 2507 1587 2546 τῶν

53 2570 299 2627 ὀφθαλμῶν
334 2571 586 2624 Γγεγονόψων,
620 2572 777 2628 μέχρις
815 2571 981 2618 ἐννοίας
1023 2573 1366 2625 κριθησομένας,
1404 2576 1494 2619 πῶς
1536 2575 1588 2617 ἂν
1606 2591 1648 2622 35

56 2641 175 2683 οὗτοι
207 2641 492 2693 ἀπιστηθεῖεν
524 2645 787 2696 σωφρονεῖν;
826 2642 984 2683 Minue.
1007 2644 1058 2684 31
1089 2641 1109 2697 ξ
1142 2645 1166 2683 5
1201 2649 1246 2684 ut
1280 2659 1351 2685 nos
1380 2645 1587 2699 pudorem

55 2724 133 2750 non.
155 2710 276 2765 facie
308 2710 380 2751 sed
410 2716 541 2752 mente
565 2716 845 2764 praestamus.
907 2711 1127 2766 Theophil.
1151 2723 1203 2752 ΙΙΙ
1230 2714 1280 2753 13
1309 2728 1368 2768 pr.
1392 2714 1464 2754 καὶ
1486 2715 1586 2767 περὶ

53 2778 316 2829 σεμνότητος
334 2778 383 2819 οὐ
405 2778 536 2828 μόνον
559 2777 756 2820 διδάσκει
778 2780 888 2831 ἡμᾶς
912 2777 932 2821 ὁ
955 2779 1078 2833 ἅγιος
1100 2779 1232 2833 λόγος
1251 2781 1373 2832 τὸμὴ
1391 2781 1586 2836 ἁμαρτά-

1348 2862 1477 2898 24-2
