1827 3004
84 131 127 171 p.
155 116 252 159 101.
279 117 319 169 8]
607 114 1046 157 APOLOGETIOVS
1078 117 1100 155 2
1545 115 1622 154 159

89 230 267 278 teneri,
284 229 556 285 utficcinoris
579 230 738 270 ueritas
759 244 866 284 quae
882 229 1020 270 indice
1038 243 1132 270 uoce
1149 243 1225 269 nou
1245 228 1464 282 promitur
1485 227 1627 268 dolore

88 300 276 354 corporis
311 299 589 353 eoeprimatur.
666 314 774 340 nunc
809 313 908 339 uero
942 313 1049 338 cuin
1087 303 1264 352 sponte
1298 297 1545 337 confitear
1577 302 1627 337 et

88 369 293 409 clamem
346 374 394 408 et
446 367 634 408 crebris
691 374 740 408 et
792 366 1030 422 repetitis
1086 365 1366 407 identidem
1419 366 1627 406 uocibus

90 436 440 479 Christianum
489 451 561 476 me
614 451 718 476 esse
771 441 1044 483 contester,
1086 434 1205 489 quid
1248 440 1499 475 tormenta
1540 435 1624 475 ad-

91 521 257 547 mones
283 504 572 553 confitenti,
597 510 633 545 et
665 504 759 545 deos
788 510 878 545 tuos
902 518 984 544 ’11οή
1010 504 1056 544 in
1087 503 1242 544 abditis
1270 509 1307 544 et
1334 504 1499 545 secretis
1528 503 1628 545 locis
1647 519 1665 549 5

89 575 161 616 sed
181 575 346 629 palam,
367 573 438 615 sed
464 573 637 627 publice,
664 573 736 614 sed
763 573 805 613 in
828 573 933 627 foro
964 572 1055 626 ipso
1087 571 1409 626 iiiayistratibus
1439 578 1476 613 et
1501 587 1630 626 prae-

89 644 250 685 sidibus
272 642 539 683 audientibus
561 641 821 682 destruenti?
881 641 1029 682 Ambr.
1047 641 1098 681 de
1122 640 1231 682 Cain
1253 646 1297 681 et
1319 641 1429 681 Abel
1448 652 1481 681 Π
1501 643 1525 682 9
1542 639 1627 696 §27

90 714 135 754 in
167 712 340 753 iudiciis
370 710 658 752 saecularibus
688 711 878 764 impositi
909 710 1045 751 eculeo
1079 715 1325 764 torquentur
1357 716 1562 764 neyantes,
1593 716 1632 751 et

93 781 303 837 quaedam
334 781 470 835 tanyit
501 780 682 822 iudicem
717 780 930 821 miseratio
962 780 1418 834 coifiteutis...miti9at
1448 780 1631 821 iudicem

91 852 230 906 pudor
262 866 439 898 reorum,
471 851 622 891 eoecitat
655 855 794 891 autem
820 849 1062 904 pertinacia
1092 848 1398 902 deueyantium.
1651 867 1693 888 10

180 935 218 975 p.
256 921 308 960 10
345 920 368 960 l.
404 922 429 959 4
466 931 506 960 SI
544 930 639 959 NON
678 931 751 959 ITA
788 930 937 959 Aorris
974 930 1110 959 CIROA
1147 929 1232 958 Nos
1269 929 1504 958 NooENTEs
1541 934 1572 958 c.
1606 919 1630 959 6

94 1005 132 1046 p.
157 992 209 1030 22
233 990 257 1030 1.
282 991 335 1030 10
357 989 487 1029 circa
508 988 703 1043 feminas
732 989 900 1043 quidem
930 989 1059 1030 etiam
1087 988 1168 1028 illa
1197 989 1410 1029 maiorum
1440 988 1634 1030 instituta

93 1052 338 1100 cecideruut.
401 1057 502 1098 ibid.
526 1072 564 1113 p.
590 1060 642 1098 22
666 1058 690 1098 1.
716 1059 768 1098 23
799 1058 926 1098 etiam
948 1057 1078 1098 circa
1098 1057 1212 1112 ipsos
1233 1057 1329 1098 deos
1349 1063 1508 1098 uestros
1529 1071 1635 1112 quae

88 1131 308 1183 prospecte
336 1128 609 1168 decreuerunt
634 1133 783 1182 patres
814 1127 952 1168 uestri.
1015 1126 1148 1167 Often
1170 1126 1215 1166 in
1237 1125 1432 1177 Quintil„
1454 1126 1528 1167 the
1552 1132 1634 1167 two

98 1197 256 1252 Plinys,
279 1197 387 1246 Tac„
411 1195 531 1237 Suet.
594 1196 785 1237 Burman
815 1211 868 1236 on
898 1195 1080 1247 Quintil.
1110 1195 1214 1236 decl.
1237 1207 1252 1235 Ι
1277 1194 1296 1251 ξ
1319 1195 1341 1236 7
1372 1195 1473 1250 quid
1504 1195 1635 1236 circa
1655 1215 1694 1245 15

94 1273 132 1308 te
162 1266 341 1321 pecunia
368 1267 534 1321 potest?
594 1268 620 1305 4
648 1264 712 1321 §7
747 1266 916 1319 affectus
949 1265 1080 1305 circa
1116 1265 1276 1306 liberos
1338 1265 1505 1320 Drz'iger
1536 1265 1635 1307 hist.

92 1337 221 1391 Synt.
244 1348 259 1376 Ι
283 1336 377 1377 576.

184 1421 222 1461 p.
263 1409 315 1447 10
358 1407 380 1447 1.
419 1410 443 1446 8
486 1417 807 1446 VOCIFERATVR
844 1417 997 1447 HOMO:
1041 1416 1347 1445 CHRISTIANVs
1383 1415 1475 1445 SVM
1511 1419 1543 1445 c.
1582 1407 1632 1445 21

97 1491 135 1531 p.
163 1490 216 1515 in.
246 1490 283 1530 p.
318 1476 371 1515 74
400 1475 424 1516 1.
456 1477 508 1516 10
540 1475 732 1523 dicimus,
762 1481 799 1516 et
823 1475 977 1529 palam
1008 1475 1200 1523 dicimus,
1229 1480 1267 1515 et
1301 1474 1415 1515 uobis
1445 1480 1635 1529 torquen-

97 1544 206 1585 tibus
249 1544 427 1585 lacerati
462 1550 499 1585 et
541 1544 701 1585 cruenti
742 1543 1094 1585 uociferamur.
1169 1543 1307 1584 Deum
1347 1543 1521 1584 colimus
1554 1558 1636 1598 per
1655 1562 1699 1584 20

101 1614 326 1655 Christum.
372 1613 439 1653 'de
471 1628 624 1654 corona
654 1613 741 1654 mil.
774 1615 794 1653 1
825 1628 863 1668 p.
887 1615 970 1654 416
1004 1613 1026 1653 1.
1059 1615 1082 1652 2
1114 1614 1258 1654 statim
1292 1613 1485 1654 tribunus
1516 1613 1635 1654 ‘cur’

99 1683 235 1736 inquit
269 1687 378 1722 ‘tam
415 1681 611 1723 diuersus
646 1682 865 1723 habitus?'
925 1682 1098 1735 myauit
1133 1682 1208 1722 ille
1247 1681 1327 1722 sibi
1364 1696 1458 1722 cum
1494 1681 1638 1722 ceteris

101 1751 234 1792 licere.
310 1766 461 1792 causas
508 1751 792 1805 expostulatus
833 1756 841 1770 ‘
860 1749 1185 1792 Christianus
1238 1765 1343 1791 suin
1363 1750 1371 1764 '
1411 1751 1637 1805 respondit.

104 1819 328 1875 Scorpiace
362 1835 392 1860 c.
429 1822 452 1861 9
488 1819 562 1860 the
598 1820 728 1860 latter
760 1819 854 1859 half
884 1820 978 1873 (eg.
1012 1834 1050 1874 p.
1081 1820 1163 1859 164
1197 1819 1220 1860 1.
1250 1820 1301 1859 17
1337 1818 1460 1859 Wiss.
1495 1819 1567 1873 qui
1598 1833 1640 1860 se

104 1889 317 1930 Christian
328 1905 392 1929 um
412 1904 485 1943 con⁵
488 1890 638 1938 fitetur,
655 1889 814 1930 Christi
829 1904 871 1930 se
891 1903 974 1930 esse
992 1892 1198 1941 testatur).
1243 1888 1381 1943 passio
1400 1888 1638 1944 Perpetuae
1658 1907 1676 1928 2
1681 1907 1700 1937 5

102 1960 127 1999 6
146 1964 203 2012 (p.
224 1959 277 1998 70
300 1958 323 1998 1.
342 1960 392 1999 16
418 1958 655 2010 Robinson)
678 1957 944 1998 Hilarianus
966 1963 1300 2012 <procurator>
1323 1956 1640 1998 ‘Christiana

103 2041 152 2066 es
172 2026 205 2066 {st
238 2026 386 2080 iuquit.
448 2032 485 2067 et
517 2041 586 2080 eyo
619 2025 816 2080 respondi
847 2025 1163 2067 ‘Christiana
1195 2027 1329 2066 sum.'
1391 2032 1487 2066 acta
1515 2031 1638 2066 mart.

106 2094 257 2135 Scillit.
281 2110 318 2150 p.
340 2097 421 2135 114
444 2095 467 2135 1.
489 2097 656 2136 11—23
679 2095 741 2136 ed.
766 2095 996 2135 Robinson.
1045 2094 1199 2135 Iustin.
1222 2095 1329 2149 apol.
1354 2106 1388 2134 ΙΙ
1412 2096 1435 2134 2
1459 2109 1496 2149 p.
1521 2093 1638 2134 42⁰³?

105 2166 189 2205 4:3²2.
252 2170 348 2204 acta
376 2163 535 2204 Iustini
558 2179 589 2204 c.
613 2166 638 2205 3
662 2165 684 2204 f.
748 2166 773 2203 4
795 2164 890 2215 (the
919 2164 1084 2215 whole).
1148 2167 1170 2203 ἶ)
1195 2164 1219 2204 f.
1254 2162 1463 2208 ὡσαύτως
1491 2163 1535 2204 δὲ
1567 2163 1641 2204 καὶ

106 2233 147 2274 οἱ
169 2232 321 2273 λοιποὶ
342 2231 559 2287 μα’ρτυρες
581 2231 723 2273 εἶπον·
758 2238 765 2252 ‘
782 2230 899 2273 ποίει
921 2230 942 2271 ὃ
966 2231 1120 2275 θέλεις.
1183 2232 1303 2284 ἡμεῖς
1324 2230 1408 2286 «γὰρ
1431 2233 1640 2287 Χριστι-
1660 2249 1703 2279 30

106 2300 218 2343 ανοί
250 2302 402 2353 ε’σμεν
433 2301 507 2342 καὶ
536 2300 732 2346 εἰδώλοις
765 2301 813 2342 οὐ
844 2300 1023 2352 θύομεν.’
1085 2300 1308 2356 Theophil.
1331 2301 1382 2341 ad
1410 2302 1553 2341 Autol.
1578 2313 1591 2341 Ι
1617 2304 1635 2341 1

108 2387 146 2427 p.
170 2370 244 2413 (39¹¹
274 2372 338 2412 ἔτι
371 2370 414 2411 δὲ
445 2370 530 2426 φῄς
560 2388 612 2421 με
640 2369 913 2425 Χριστιανὸν
935 2371 991 2415 ὡς
1023 2369 1158 2412 κακὸν
1187 2370 1377 2419 τοῦνομα
1409 2373 1643 2425 φοροῦντα,

107 2441 193 2494 ε”γὼ
215 2439 293 2492 μὲν
312 2439 385 2481 οὖν
409 2438 608 2493 ὁμολοὙῶ
633 2440 762 2482 εἶναι
784 2439 1109 2491 Χριστιανός,
1133 2440 1205 2481 καὶ
1229 2443 1350 2495 φορῶ
1372 2439 1420 2482 τὸ
1443 2439 1643 2495 θεοφιλὲς

108 2511 244 2563 ὄνομα
276 2512 405 2550 τοῦτο
438 2508 626 2561 ἐλπίζων
659 2509 903 2565 εὔχρηστος
935 2508 1043 2550 εἶναι
1076 2511 1136 2564 τῷ
1168 2509 1259 2564 θεῷ.
1323 2509 1380 2549 So
1408 2509 1483 2549 the
1505 2508 1643 2550 Gallio

111 2586 293 2633 martyrs
321 2577 419 2618 Eus.
449 2578 487 2618 h.
516 2592 549 2618 e.
579 2589 608 2617 V
634 2581 653 2618 1
682 2576 702 2633 ξ
731 2580 782 2619 19
811 2578 1074 2630 (Blandina).
1145 2576 1164 2633 ξ
1192 2580 1245 2618 20
1277 2577 1502 2627 (Sanctus)
1533 2577 1642 2633 πρὸς
1662 2591 1703 2622 35

110 2645 258 2686 πάντα
280 2644 334 2686 τὰ
358 2645 673 2700 ἐπερωτώμενα
698 2645 964 2701 ἀπεκρίνατο
995 2648 1046 2700 τῇ
1067 2645 1292 2699 (Ρωμαῐκῇ
1315 2647 1437 2700 φωνῇ
1460 2652 1467 2665 ‘
1483 2647 1642 2700 Χρισ-

111 2713 281 2759 τιανός
316 2714 440 2765 εἰμι.’
500 2712 519 2769 ξ
554 2716 606 2755 26
640 2714 866 2769 (Byblias).
928 2725 1015 2754 VIII
1044 2716 1069 2754 3
1095 2712 1115 2768 ξ
1141 2716 1166 2754 3
1194 2713 1350 2765 (under
1383 2713 1645 2767 Diocletian)

105 2783 272 2828 ἄλλος
294 2782 611 2839 Χριστιανὸς
640 2782 767 2824 εἶναι
790 2782 1072 2837 ἐκεκράνγει,
1095 2783 1146 2836 τῇ
1169 2785 1246 2823 τοῦ
1269 2781 1485 2837 σωτηρίου
1507 2800 1644 2838 προσ-
