1827 3004
75 59 151 98 108
639 58 1036 117 TERTVLLIANI

68 171 120 211 de
158 177 247 212 tam
285 173 488 212 animatis
524 172 578 212 ad
617 177 799 212 mortem
838 186 972 225 usque
1009 186 1084 225 pro
1121 172 1275 212 iniuria
1311 177 1602 225 repensatum,

71 251 245 303 quando
283 252 347 291 uel
387 267 469 291 una
506 266 590 291 nox
628 251 821 305 pauculis
857 251 1007 291 faculis
1042 252 1215 306 largiter
1250 252 1425 292 ultionis
1461 257 1605 305 posset

71 332 249 384 operari,
278 332 311 371 si
339 332 509 372 malum
527 332 639 372 malo
666 332 865 386 dispungi
892 346 1020 385 penes
1046 347 1123 373 nos
1148 333 1319 372 liceret?
1383 332 1465 372 Sed
1491 331 1605 372 absit

72 414 121 448 ut
147 415 223 449 aut
250 410 335 463 igni
364 410 552 450 humano
580 410 823 450 uindicetur
850 410 997 450 diuina
1023 416 1140 451 secta
1167 416 1245 451 aut
1271 410 1416 450 doleat
1442 409 1534 463 pati
1560 409 1604 449 in

71 504 156 541 quo
180 490 400 542 probatur.
463 490 504 531 Si
529 491 641 530 enim
665 496 709 531 et
732 491 875 531 hostes
899 497 1080 541 exertos,
1106 507 1191 532 non
1215 497 1389 532 tantum
1414 491 1604 531 uindices
1625 508 1644 537 5

70 569 261 609 occultos
308 584 430 621 agere
477 571 695 619 uellemus,
745 571 913 611 deesset
958 571 1081 612 nobis
1127 572 1192 612 uis
1238 586 1515 612 numerorum
1563 576 1605 610 et

70 647 318 700 copiarum?
382 649 527 689 Plures
574 650 777 689 nimirum
825 649 961 690 Mauri
1010 656 1053 691 et
1099 650 1393 691 Marcomanni
1439 650 1606 703 ipsique

72 727 234 776 Parthi,
265 729 331 768 uel
359 735 721 782 quantaecunque
749 730 874 770 unius
902 735 1048 770 tamen
1076 731 1154 771 loci
1183 736 1227 771 et
1252 745 1428 771 suorum
1455 729 1606 769 finium

70 814 219 859 gentes
253 823 383 862 quam
418 810 553 849 totius
587 809 713 850 orbis.
774 810 977 851 Hesterni
1011 826 1171 859 sumus,
1208 816 1251 852 et
1284 817 1428 851 uestra
1462 809 1607 851 omnia

69 887 356 940 impleuimus,
398 889 536 937 urbes,
576 889 750 938 insulas,
792 890 979 939 castella,
1020 891 1267 944 municipia,
1308 889 1605 937 conciliabula,
1632 906 1673 928 10

70 974 211 1007 castra
241 969 346 1021 ipsa,
379 969 530 1017 tribus,
563 969 770 1018 decurias,
802 970 1028 1023 palatium,
1060 976 1274 1019 senatum,
1306 971 1470 1019 forum;
1518 969 1607 1010 sola

72 1048 194 1088 uobis
226 1048 475 1102 reliquimus
506 1050 682 1103 templa.
744 1050 820 1090 Cui
851 1050 962 1091 bello
994 1065 1079 1091 non
1111 1051 1265 1099 idonei,
1300 1066 1386 1091 non
1417 1049 1608 1104 prompti

71 1129 311 1177 fuissemus,
346 1131 476 1170 etiam
507 1131 677 1185 inpares
708 1131 853 1185 copiis,
887 1132 959 1185 qui
990 1137 1082 1172 tam
1112 1132 1295 1172 libenter
1325 1131 1605 1178 trucidamur,

72 1209 105 1249 si
121 1224 206 1249 non
220 1209 336 1263 apud
350 1210 479 1249 istam
494 1209 765 1264 disciplinam
779 1211 914 1265 magis
929 1211 1063 1251 occidi
1077 1211 1223 1252 liceret
1238 1226 1370 1265 quam
1385 1210 1605 1251 occidere?

72 1289 299 1329 Potuimus
331 1294 374 1329 et
403 1289 587 1330 inermes
618 1304 697 1330 nec
726 1290 915 1339 rebelles,
948 1291 1022 1331 sed
1053 1291 1360 1332 tantummodo
1392 1289 1608 1331 discordes
1632 1305 1672 1335 15

71 1369 201 1409 solius
230 1369 404 1409 diuortii
433 1369 597 1410 inuidia
627 1370 834 1411 aduersus
863 1385 939 1411 uos
969 1371 1206 1412 dimicasse.
1267 1372 1309 1412 Si
1339 1372 1453 1411 enim
1483 1375 1608 1411 tanta

74 1449 137 1487 uis
170 1448 393 1488 hominum
426 1449 469 1488 in
502 1449 690 1503 aliquem
723 1450 838 1490 orbis
870 1451 1024 1491 remoti
1056 1452 1198 1493 sinum
1231 1452 1552 1505 abrupissemus
1585 1464 1609 1490 a

72 1528 208 1575 uobis,
242 1528 492 1570 suffudisset
522 1530 673 1584 utique
704 1530 1045 1572 dominationem
1077 1538 1267 1573 uestram
1299 1538 1367 1573 tot
1398 1531 1608 1586 qualium-

72 1622 257 1661 cumque
304 1609 463 1648 ciuium
509 1610 695 1658 amissio,
742 1611 875 1651 immo
922 1611 1053 1651 etiam
1101 1617 1144 1652 et
1188 1612 1281 1665 ipsa
1327 1611 1611 1652 destitutione

74 1689 280 1742 punisset.
341 1690 494 1730 Procul
528 1690 659 1731 dubio
693 1692 976 1745 expauissetis
1008 1692 1064 1732 ad
1096 1692 1373 1733 solitudinem
1405 1697 1608 1740 uestram,
1634 1710 1676 1731 20

73 1768 129 1808 ad
158 1769 375 1809 silentium
404 1784 545 1810 rerum
575 1776 618 1810 et
645 1776 867 1825 stuporem
896 1772 1113 1826 quendam
1143 1773 1265 1826 quasi
1294 1772 1453 1812 mortui
1482 1771 1608 1812 orbis.

75 1848 357 1896 Quaesissetis
373 1849 529 1902 quibus
544 1850 826 1904 imperaretis.
888 1852 1035 1892 Plures
1051 1852 1195 1892 hostes
1211 1867 1343 1906 quam
1359 1852 1472 1892 ciues
1488 1851 1612 1891 uobis

72 1935 390 1975 remansissent.
452 1935 577 1975 Nunc
601 1937 713 1976 enim
737 1937 959 1990 pauciores
982 1937 1127 1978 hostes
1150 1937 1319 1978 habetis
1341 1952 1443 1991 prae
1466 1937 1609 1977 multi-

72 2019 223 2059 tudine
252 2020 605 2069 Christianorum,
637 2036 773 2075 paene
802 2023 995 2062 omnium
1025 2023 1270 2063 ciuitatium
1299 2037 1435 2076 paene
1463 2036 1611 2063 omnes

72 2106 187 2146 ciues
209 2106 472 2147 Christianos
494 2107 706 2148 habendo.
768 2108 850 2148 Sed
873 2109 1017 2149 hostes
1039 2109 1251 2149 maluistis
1273 2123 1426 2149 uocare
1447 2108 1611 2163 generis
1632 2128 1650 2149 2
1657 2128 1675 2158 5

75 2190 251 2230 humani
279 2192 424 2244 potius
451 2207 581 2245 quam
609 2193 761 2233 erroris
788 2193 979 2234 humani.
1042 2193 1146 2242 Quis
1172 2200 1319 2235 autem
1346 2209 1423 2234 uos
1450 2194 1504 2234 ab
1530 2194 1611 2234 illis

74 2276 253 2316 occultis
297 2282 339 2317 et
382 2292 693 2332 usquequaque
736 2280 1013 2320 uastantibus
1056 2286 1222 2321 mentes
1265 2286 1308 2321 et
1350 2281 1611 2321 ualitudines

76 2367 241 2401 uestras
267 2362 462 2402 hostibus
488 2370 669 2417 raperet,
698 2379 721 2404 a
748 2365 1074 2405 daemoniorum
1099 2365 1340 2406 incursibus
1365 2365 1472 2414 dico,
1501 2379 1611 2419 quae

75 2446 127 2485 de
161 2447 283 2486 uobis
316 2447 404 2487 sine
437 2449 640 2501 praemio,
675 2450 765 2489 sine
798 2451 991 2490 mercede
1024 2434 1303 2504 depellimus?
1365 2451 1612 2491 Suffecisset

76 2532 155 2571 hoc
173 2532 309 2571 solum
327 2539 499 2573 nostrae
518 2534 683 2583 ultioni,
704 2535 820 2588 quod
838 2550 976 2576 uacua
995 2536 1148 2576 exinde
1165 2536 1374 2590 possessio
1391 2536 1610 2576 inmundis
1632 2559 1676 2589 30

74 2617 295 2670 spiritibus
329 2623 509 2671 pateret.
572 2620 702 2659 Porro
736 2635 813 2660 nec
848 2621 959 2661 tanti
994 2622 1194 2675 praesidii
1229 2621 1610 2675 conpensationem

75 2702 315 2755 cogitantes
341 2717 426 2742 non
454 2704 581 2743 modo
608 2719 694 2745 non
721 2706 951 2747 molestum
978 2707 1101 2747 uobis
1126 2721 1272 2761 genus,
1302 2721 1452 2746 uerum
1479 2707 1611 2746 etiam
