1827 3004
126 80 202 119 102
691 78 1088 131 TERTVLLIANI

121 193 369 246 turpissima
397 193 471 233 sed
501 199 545 233 et
572 193 809 246 perniciosa
838 192 1097 233 adolatione.
1159 193 1399 247 Tamquam
1429 194 1463 234 si
1492 193 1655 234 habens

120 269 425 323 imperatorem
445 270 628 310 alterum
648 269 849 322 appelles,
869 283 1012 309 nonne
1031 270 1266 310 maximam
1287 276 1330 311 et
1347 270 1655 311 inexorabilem

120 349 329 389 offensam
362 349 589 389 contrahes
622 348 710 387 eius
742 361 871 401 quem
903 347 1106 396 habuisti,
1141 348 1271 389 etiam
1303 349 1383 402 ipsi
1416 348 1656 389 timendam

122 440 249 480 quem
277 427 532 480 appellasti?
594 426 701 465 Esto
729 425 949 479 religiosus
975 425 1019 465 in
1047 425 1189 475 deum,
1219 427 1293 480 qui
1320 427 1386 467 uis
1412 427 1533 467 illum
1561 441 1655 480 pro-

121 503 277 556 pitium
310 502 572 556 imperatori.
633 502 790 542 Desine
823 501 955 541 alium
989 501 1117 542 deum
1151 502 1320 543 credere
1353 508 1486 557 atque
1517 503 1580 543 ita
1614 508 1655 543 et
1675 522 1697 552 5

121 579 234 619 hunc
274 579 402 619 deum
442 579 581 619 dicere
621 579 687 618 cui
728 578 807 618 deo
847 592 955 631 opus
995 584 1071 618 est.
1133 578 1175 619 Si
1214 594 1301 619 non
1340 579 1393 619 de
1432 578 1656 619 mendacio

122 656 335 697 erubescit
363 656 556 697 adulatio
588 656 797 696 eiusmodi
827 655 1045 695 hominem
1076 656 1204 696 deum
1235 657 1470 711 appellans,
1503 656 1657 697 timeat

120 733 263 774 saltim
305 733 358 773 de
397 733 602 774 infausto.
663 733 943 773 Maledictum
985 738 1049 773 est
1089 738 1191 774 ante
1231 734 1487 787 apotheosin
1528 733 1656 774 deum

122 810 345 851 Gaesaressl
376 811 630 864 nuncupari.

204 933 277 974 35.
337 934 570 988 Propterea
590 934 721 988 igitur
741 934 901 988 publici
922 934 1066 975 hostes
1088 934 1330 984 Christiani,
1355 936 1453 989 quia
1475 936 1655 989 impera—

124 1011 288 1051 toribus
305 1025 444 1064 neque
462 1026 598 1051 uanos
616 1025 756 1065 neque
774 1011 1033 1052 mentientes
1051 1026 1190 1065 neque
1209 1013 1458 1052 temerarios
1477 1012 1657 1053 honores

122 1089 281 1138 dicant,
318 1090 419 1143 quia
453 1104 579 1130 uerae
613 1088 826 1142 religionis
860 1088 1055 1129 homines
1089 1089 1220 1129 etiam
1255 1090 1476 1130 sollemnia
1511 1103 1658 1129 eorum

122 1167 383 1207 conscientia
415 1167 560 1220 potius
592 1180 723 1220 quam
755 1165 931 1206 lasciuia
963 1166 1194 1206 celebrant.
1256 1166 1427 1206 Grande
1458 1166 1660 1207 uidelicet

121 1243 308 1284 officium
340 1243 457 1283 focos
490 1249 534 1283 et
565 1248 683 1283 toros
713 1243 757 1283 in
789 1243 1011 1296 publicum
1044 1243 1235 1292 educere,
1269 1243 1447 1284 uicatim
1481 1243 1656 1298 epulari,

121 1321 345 1361 ciuitatem
390 1320 597 1361 tabernae
642 1320 795 1360 habitu
839 1319 1117 1369 abolefacere,
1163 1320 1265 1360 uino
1309 1320 1451 1360 lutum
1496 1334 1656 1375 cogere,

122 1397 379 1438 cateruatim
414 1397 621 1437 cursitare
654 1396 709 1436 ad
742 1396 931 1445 iniurias,
968 1396 1023 1436 ad
1055 1396 1346 1450 inpudentias,
1382 1397 1438 1436 ad
1470 1396 1659 1437 libidinis

121 1475 368 1516 inlecebras.
429 1475 568 1515 Sicine
598 1474 854 1528 exprimitur
883 1473 1104 1528 publicum
1134 1474 1341 1528 gaudium
1370 1489 1445 1528 per
1475 1474 1660 1514 dedecus

121 1553 369 1607 publicum?
431 1552 622 1593 Haecine
640 1551 850 1592 solemnes
868 1551 958 1592 dies
976 1551 1219 1605 principum
1238 1551 1404 1600 decent,
1426 1566 1536 1605 quae
1555 1551 1660 1592 alios

123 1629 213 1670 dies
260 1644 347 1670 non
395 1630 575 1670 decent?
640 1628 721 1678 Qui
769 1628 1004 1670 obseruant
1051 1628 1321 1682 disciplinam
1370 1629 1423 1669 de
1471 1628 1661 1669 Caesaris

123 1714 333 1760 respectu,
381 1707 423 1747 hi
468 1721 563 1746 eam
607 1711 785 1760 propter
829 1705 1053 1745 Caesarem
1098 1705 1313 1753 deserunt,
1361 1710 1405 1745 et
1448 1705 1660 1745 malorum

126 1798 293 1824 morum
313 1784 487 1825 licentia
507 1785 646 1838 pietas
667 1783 759 1832 erit,
782 1782 947 1823 occasio
967 1782 1162 1822 luxuriae
1181 1782 1326 1836 religio
1347 1782 1657 1836 deputabitur?

127 1859 161 1899 O
184 1874 262 1900 nos
284 1861 437 1901 merito
461 1860 754 1900 damnandos!
815 1859 899 1900 Cur
921 1859 1034 1898 enim
1057 1863 1163 1898 uota
1185 1863 1229 1899 et
1250 1858 1407 1912 gaudia
1431 1858 1661 1899 Caesarum

126 1937 233 1977 casti
261 1943 304 1978 et
329 1937 458 1978 sobrii
487 1942 530 1977 et
557 1937 681 1991 probi
709 1936 1022 1990 expungimus?
1062 1949 1136 1975 cur
1161 1935 1229 1975 die
1254 1935 1368 1975 laeto
1394 1949 1482 1975 non
1506 1935 1662 1975 laureis

126 2019 270 2066 postes
300 2013 611 2054 obumbramus
641 2027 718 2053 nec
747 2012 931 2053 lucernis
961 2012 1074 2052 diem
1103 2012 1402 2066 infringimus?
1464 2012 1661 2052 Honesta

123 2104 188 2130 res
206 2095 270 2130 est
286 2090 561 2131 solemnitate
577 2090 750 2144 publica
768 2089 965 2143 exigente
980 2088 1158 2128 induere
1175 2088 1322 2129 domui
1340 2093 1442 2129 tuae
1460 2088 1660 2128 habitum

126 2169 305 2210 alicuius
331 2170 433 2210 noui
460 2169 692 2223 lupanaris.
753 2169 891 2209 Velim
917 2173 1065 2208 tamen
1088 2168 1133 2208 in
1158 2168 1237 2208 hac
1264 2182 1436 2222 quoque
1460 2167 1662 2222 religione

125 2249 338 2290 secundae
353 2249 605 2298 maiestatis,
623 2249 676 2289 de
691 2264 777 2303 qua
790 2249 833 2289 in
849 2248 1085 2289 secundum
1100 2247 1368 2302 sacrilegium
1383 2247 1664 2288 conuenimur

127 2328 356 2368 Christiani
392 2343 477 2369 non
515 2328 769 2369 celebrando
805 2327 1031 2368 uobiscum
1067 2328 1274 2368 solemnia
1310 2328 1540 2368 Caesarum
1577 2342 1662 2381 quo

128 2422 245 2448 more
271 2408 472 2449 celebrari
499 2423 577 2448 nec
603 2409 815 2449 modestia
841 2422 918 2448 nec
945 2408 1204 2448 uerecundia
1230 2422 1307 2447 nec
1334 2408 1544 2461 pudicitia
1570 2421 1661 2461 per-

128 2488 324 2536 mittunt,
358 2488 433 2528 sed
465 2489 630 2528 occasio
662 2488 903 2541 uoluptatis
934 2487 1070 2542 magis
1102 2501 1233 2541 quam
1266 2487 1396 2542 digna
1427 2487 1538 2527 ratio
1569 2501 1660 2540 per-

127 2567 275 2613 suasit,
312 2566 440 2606 fidem
476 2572 519 2607 et
552 2567 783 2607 ueritatem
817 2571 1008 2607 uestram
1042 2566 1350 2615 demonstrare,
1386 2581 1440 2608 ne
1474 2566 1585 2607 forte
1620 2572 1664 2607 et

128 2645 253 2685 isthic
295 2645 525 2686 deteriores
566 2646 818 2698 Christianis
858 2646 1238 2700 deprehendantur
1278 2645 1351 2700 qui
1391 2660 1469 2686 nos
1508 2645 1664 2686 nolunt

130 2725 352 2765 Romanos
376 2725 536 2774 haberi,
562 2725 636 2765 sed
660 2731 710 2766 ut
733 2726 878 2766 hostes
901 2725 1145 2780 principum
1169 2726 1480 2765 Romanorum.
1540 2725 1666 2779 Ipsos

1679 955 1723 977 10

1680 1337 1723 1368 Ι5

1680 1721 1726 1743 20

1682 2506 1730 2537 30
