1827 3004
112 150 163 189 26
676 145 1073 186 TERTVLLIANI

111 262 329 302 homines?
392 261 433 301 Si
478 274 645 313 semper
687 259 885 308 latemus,
932 258 1106 312 quando
1151 257 1373 312 proditum
1417 261 1483 297 est
1527 256 1644 310 quod

111 346 409 386 admittimus?
452 344 584 384 immo
610 359 634 384 a
661 343 818 397 quibus
839 343 961 397 prodi
982 342 1154 396 potuit?
1216 342 1283 382 Ab
1304 341 1407 395 ipsis
1429 341 1541 381 enim
1564 341 1645 381 reis

110 444 195 470 non
224 430 385 483 utique,
417 443 513 469 cum
542 429 609 468 uel
637 442 688 468 ex
716 427 854 468 forma
882 427 1083 468 omnibus
1110 426 1326 480 mysteriis
1353 426 1511 466 silentii
1538 425 1644 466 fides

110 515 330 555 debeatur.
391 514 688 554 Samothracia
717 518 761 553 et
789 513 1007 553 Eleusinia
1035 513 1282 561 reticentur,
1314 516 1479 566 quanto
1508 511 1644 565 magis

111 600 214 640 talia
246 613 355 653 quae
387 599 558 652 prodita
588 598 761 639 interim
793 598 924 638 etiam
956 598 1193 638 humanam
1225 597 1643 638 animaduersionem
1666 613 1688 643 5

110 684 422 739 prouocabunt‚
458 684 561 724 dum
595 684 742 724 diuina
775 685 999 724 seruatur?
1062 683 1104 724 Si
1138 697 1236 737 ergo
1270 697 1357 723 non
1388 682 1469 736 ipsi
1503 682 1643 736 prodi-

111 775 225 810 tores
262 769 339 817 sui,
380 769 574 822 sequitur
612 774 662 809 ut
700 769 906 809 extranei.
968 769 1027 809 Et
1064 768 1179 809 unde
1218 768 1434 809 extraneis
1472 768 1642 817 notitia,

112 867 208 894 cum
232 868 398 907 semper
421 854 551 894 etiam
575 854 670 907 piae
692 853 958 894 initiationes
981 859 1158 894 arceant
1180 853 1384 907 profanos
1407 858 1451 894 et
1474 852 1646 893 arbitris
1673 870 1712 900 V>
1732 862 1737 867 “

111 940 321 979 caueant?
373 938 463 979 Nisi
484 939 517 978 si
536 938 656 992 impii
676 939 819 979 minus
838 944 1054 979 metuunt.
1101 938 1270 979 Natura
1287 938 1429 979 famae
1446 937 1646 978 omnibus

109 1030 215 1064 nota
242 1030 317 1064 est.
378 1025 580 1064 Vestrum
607 1029 693 1064 est:
737 1024 872 1064 Fama
899 1024 1063 1064 malum
1090 1039 1175 1078 qua
1201 1038 1289 1064 non
1315 1023 1432 1064 aliud
1458 1023 1646 1064 uelocius
1669 1041 1716 1063 10

111 1109 258 1149 ullum.
319 1109 402 1149 Cur
427 1109 589 1149 malum
616 1109 759 1150 fama?
806 1110 906 1163 quia
934 1109 1086 1150 uelox?
1133 1109 1234 1163 quia
1260 1109 1417 1149 index?
1463 1123 1516 1149 an
1545 1108 1646 1162 quia

110 1194 342 1247 plurimum
376 1194 589 1234 mendax?
641 1209 751 1248 quae
783 1208 837 1235 ne
869 1200 973 1235 tunc
1007 1195 1195 1248 quidem,
1231 1209 1329 1235 cum
1362 1193 1525 1248 aliquid
1557 1194 1647 1234 ueri

111 1272 264 1321 adfert,
297 1274 385 1313 sine
416 1273 627 1313 mendacii
659 1274 764 1314 uitio
796 1279 872 1323 est,
905 1273 1150 1323 detrahens,
1182 1273 1384 1323 adiciens,
1416 1273 1648 1313 demutans

111 1353 163 1392 de
188 1353 384 1393 ueritate.
446 1353 585 1401 Quid?
620 1353 737 1407 quod
763 1368 811 1393 ea
835 1353 895 1393 illi
921 1353 1114 1393 condicio
1144 1358 1220 1402 est,
1248 1337 1304 1394 1111
1326 1367 1413 1393 non
1440 1353 1521 1393 nisi
1549 1367 1647 1393 cum

110 1433 319 1473 mentitur
359 1438 603 1487 perseueret
645 1439 688 1474 et
729 1434 899 1474 tamdiu
940 1433 1053 1474 uiuit
1094 1433 1304 1487 quamdiu
1345 1447 1432 1473 non
1474 1433 1645 1487 probat,
1673 1452 1715 1485 15

110 1512 334 1565 siquidem,
368 1513 441 1553 ubi
473 1513 689 1567 probauit,
724 1519 863 1554 cessat
895 1528 983 1553 esse
1016 1519 1060 1554 et
1091 1513 1213 1566 quasi
1246 1513 1384 1553 officio
1416 1513 1648 1554 nuntiandi

110 1591 260 1632 functa
286 1607 375 1633 rem
403 1593 550 1643 tradit,
582 1599 625 1634 et
652 1594 806 1634 exinde
833 1608 898 1634 res
926 1599 1111 1643 tenetur,
1141 1608 1207 1634 res
1234 1594 1497 1635 nominatur.
1558 1594 1598 1634 N
1603 1608 1648 1634 ec

111 1671 340 1725 quisquam
374 1672 479 1713 dicit
511 1673 631 1713 uerbi
664 1674 816 1727 gratia,
852 1673 948 1713 Hoc
983 1674 1149 1713 Romae
1182 1673 1306 1714 aiunt
1339 1673 1519 1723 factum,
1555 1679 1645 1723 aut,

111 1749 245 1790 Fama
271 1756 335 1791 est
358 1751 478 1792 illum
504 1753 771 1806 prouinciam
797 1753 1012 1801 sortitum,
1041 1753 1128 1802 sed,
1156 1752 1344 1793 Sortitus
1370 1758 1435 1793 est
1458 1753 1527 1793 ille
1552 1767 1646 1807 pro-

112 1830 310 1880 uinciam,
345 1837 399 1881 et,
433 1832 529 1873 Hoc
560 1834 726 1874 factum
761 1839 825 1874 est
856 1835 1036 1874 Romae.
1105 1834 1253 1883 Fama,
1291 1848 1449 1874 nomen
1480 1833 1647 1881 incerti,
1670 1849 1716 1871 20

109 1911 250 1951 locum
280 1927 367 1952 non
395 1913 527 1955 habet
554 1914 629 1955 ubi
658 1920 824 1955 certum
854 1920 931 1955 est.
992 1915 1060 1955 An
1089 1929 1190 1955 uero
1220 1915 1363 1955 famae
1391 1914 1540 1955 credat
1568 1915 1648 1955 nisi

110 1989 477 2033 inconsideratus?
541 1993 650 2042 Quia
691 1994 860 2048 sapiens
900 2009 987 2034 non
1028 1994 1165 2034 credit
1202 1994 1381 2034 incerto.
1444 1993 1647 2034 Omnium

112 2075 175 2109 est
200 2071 439 2121 aestimare,
466 2078 805 2127 quantacunque
827 2074 900 2114 illa
923 2073 1161 2114 ambitione
1186 2073 1343 2114 diffusa
1368 2074 1436 2123 sit,
1464 2079 1647 2127 quanta-

113 2162 281 2202 cunque
329 2153 645 2193 asseueratione
694 2158 956 2202 constructa,
1008 2153 1125 2207 quod
1174 2153 1227 2194 ab
1278 2168 1364 2193 uno
1414 2153 1647 2207 aliquando

112 2229 302 2282 principe
327 2237 474 2272 exorta
502 2233 558 2273 sit
582 2248 751 2274 necesse
778 2239 854 2275 est.
915 2234 1085 2274 Exinde
1109 2234 1153 2275 in
1179 2235 1380 2275 traduces
1404 2235 1647 2289 linguarum
1670 2250 1714 2281 25

113 2313 157 2348 et
185 2309 352 2349 aurium
381 2311 525 2365 serpit,
557 2318 600 2353 et
627 2313 689 2353 ita
719 2314 875 2354 modici
905 2315 1078 2355 seminis
1106 2315 1264 2355 uitium
1295 2320 1436 2355 cetera
1465 2314 1648 2355 rumoris

114 2387 327 2438 obscurat,
362 2395 412 2430 ut
442 2405 567 2431 nemo
600 2393 819 2447 recogitet,
853 2407 906 2433 ne
938 2394 1125 2447 primum
1157 2394 1263 2434 illud
1295 2409 1342 2435 os
1373 2394 1648 2435 mendacium

113 2467 400 2518 scniiuauerit,
422 2471 537 2523 quod
556 2486 682 2525 saepe
700 2472 751 2513 fit
768 2478 846 2514 aut
862 2473 1032 2527 ingenio
1052 2474 1353 2515 aemulationis
1373 2480 1451 2515 aut
1469 2474 1647 2515 arbitrio

114 2547 365 2599 suspicionis
398 2555 475 2590 aut
508 2565 595 2591 non
630 2567 743 2592 noua
778 2553 852 2593 sed
886 2553 1078 2607 ingenita
1114 2555 1375 2607 quibusdam
1410 2555 1647 2595 mentiendi

87 2670 90 2673 ,
115 2625 352 2678 uoluptate.
414 2628 528 2669 Bene
558 2636 703 2671 autem
735 2632 851 2685 quod
879 2633 1024 2673 onmia
1053 2638 1226 2687 tempus
1254 2634 1430 2683 reuelat,
1462 2634 1647 2674 testibus
1671 2655 1715 2685 30

115 2704 244 2743 etiam
260 2707 413 2747 uestris
429 2709 664 2761 prouerbiis
681 2716 812 2765 atque
828 2712 1066 2761 sententiis,
1086 2727 1137 2752 ex
1154 2713 1435 2767 dispositione
1449 2718 1647 2763 naturae,

115 2797 225 2836 quae
254 2785 315 2825 ita
345 2787 574 2838 ordinauit,
606 2795 657 2830 ut
685 2791 789 2831 nihil
820 2792 894 2831 diu
922 2792 1072 2841 lateat,
1105 2793 1237 2834 etiam
1268 2793 1384 2847 quod
1414 2792 1530 2834 fama
1559 2808 1647 2835 non
