1827 3004
142 85 218 123 142
708 78 1106 119 TERTVLLIANI

140 201 347 243 uestrum,
376 194 532 248 quibus
558 193 681 233 fauor
705 192 822 246 uulgi
848 191 900 231 de
924 191 1156 245 iniquitate
1181 196 1397 246 captatur,
1423 192 1674 247 gloriantur.

140 272 271 320 Quasi
300 286 387 311 non
416 276 560 311 totum
589 269 706 323 quod
734 269 777 309 in
806 283 884 308 nos
912 269 1095 322 potestis
1122 275 1321 310 nostrum
1348 270 1405 310 sit
1433 270 1674 311 arbitrium.

140 349 276 396 Certe,
306 348 340 388 si
368 348 509 396 uelim,
540 346 808 387 Christianus
835 360 943 386 sum.
1005 346 1125 386 Tunc
1153 360 1250 401 ergo
1278 360 1346 386 me
1373 347 1613 396 damnabis,
1642 347 1676 388 si

138 424 337 464 damnari
366 423 517 471 uelim3
564 436 663 462 cum
692 436 793 462 uero
824 421 941 475 quod
968 422 1013 461 in
1042 436 1110 462 me
1138 428 1275 476 potes,
1307 423 1387 463 nisi
1416 423 1558 473 uelim,
1589 438 1675 464 non

139 506 276 554 potes,
299 501 387 540 iam
409 514 529 539 meae
551 499 791 539 uoluntatis
813 504 878 539 est
900 499 1016 552 quod
1038 504 1173 554 potes,
1198 514 1281 539 non
1306 505 1409 540 tuae
1429 501 1673 554 potestatis.
1697 519 1715 549 5

138 577 324 617 Proinde
352 581 395 617 et
422 576 576 630 uulgus
603 590 715 616 uane
743 576 795 615 de
822 581 971 616 nostra
998 576 1230 616 uexatione
1256 576 1430 630 gaudet.
1491 577 1675 618 Proinde

134 654 251 694 enim
281 659 478 694 nostrum
510 658 574 693 est
603 652 823 707 gaudium,
857 653 974 706 quod
1004 653 1084 693 sibi
1114 653 1322 703 uindicat,
1355 654 1429 708 qui
1459 654 1675 695 malumus

136 730 333 771 damnari
367 744 499 784 quam
531 744 556 770 a
589 729 669 769 deo
703 729 918 770 excidere:
969 735 1120 770 contra
1151 731 1223 780 illi,
1259 731 1332 785 qui
1365 746 1443 771 nos
1474 731 1672 781 oderunt,

136 807 290 855 dolere,
314 821 401 847 non
421 806 608 861 gaudere
628 806 861 856 debebant,
885 807 1126 848 consecutis
1145 807 1269 848 nobis
1291 808 1407 862 quod
1429 808 1644 863 elegimus.

219 932 292 973 50.
352 932 478 986 Ergo,
505 932 697 985 inquitis,
726 946 800 972 cur
825 933 1052 986 querimini
1078 933 1195 987 quod
1219 948 1296 975 uos
1320 934 1611 988 insequamur,
1638 935 1672 975 si
1697 954 1739 976 10

135 1010 228 1063 pati
247 1009 391 1057 uultis,
413 1024 511 1049 cum
531 1009 704 1064 diligere
722 1009 916 1050 debeatis
935 1025 1010 1064 per
1029 1025 1136 1064 quos
1154 1011 1355 1065 patimini
1375 1012 1491 1066 quod
1510 1012 1669 1052 uultis?

135 1087 268 1127 Plane
285 1086 485 1127 uolumus
502 1087 607 1140 pati,
628 1101 778 1128 uerum
797 1102 844 1128 eo
863 1096 992 1137 more,
1013 1103 1098 1142 quo
1117 1093 1160 1129 et
1176 1088 1337 1129 bellum
1354 1089 1486 1129 miles.
1534 1089 1672 1130 Nemo

135 1164 310 1218 quidem
328 1163 465 1204 libens
483 1164 663 1218 patitur,
685 1179 783 1205 cum
803 1170 847 1205 et
865 1165 1082 1219 trepidare
1101 1171 1145 1206 et
1162 1166 1395 1220 periclitari
1413 1167 1470 1207 sit
1487 1181 1670 1208 necesse.

135 1240 297 1281 Tamen
314 1245 357 1280 et
370 1240 606 1294 proeliatur
620 1241 822 1282 omnibus
838 1241 1013 1291 uiribus,
1031 1247 1075 1282 et
1088 1242 1265 1282 uincens
1278 1242 1323 1282 in
1337 1243 1496 1296 proelio
1511 1244 1673 1298 gaudet

131 1318 208 1372 qui
231 1317 284 1358 de
306 1318 465 1372 proelio
490 1318 765 1372 querebatur,
793 1319 894 1373 quia
918 1324 960 1359 et
982 1319 1163 1374 gloriam
1186 1320 1463 1374 consequitur
1486 1326 1530 1361 et
1551 1336 1671 1375 prae-
1696 1340 1736 1370 15

134 1395 248 1436 dam.
300 1395 516 1435 Proelium
534 1401 598 1436 est
614 1396 739 1436 nobis
753 1395 871 1450 quod
888 1410 1176 1450 prouocamur
1190 1396 1247 1437 ad
1261 1396 1507 1447 tribunalia,
1525 1403 1575 1438 ut
1587 1398 1671 1439 illic

133 1472 213 1512 sub
231 1472 474 1512 discrimine
492 1473 646 1526 capitis
663 1487 739 1527 pro
757 1473 942 1513 ueritate
959 1478 1184 1514 certemus.
1234 1473 1425 1514 Victoria
1443 1481 1508 1516 est
1524 1481 1671 1516 autem

133 1567 210 1607 pro
251 1567 335 1606 quo
376 1553 607 1593 certaueris
646 1553 853 1594 obtinere.
914 1553 979 1594 Ea
1018 1554 1200 1595 uictoria
1238 1554 1372 1595 habet
1411 1560 1454 1596 et
1491 1556 1669 1610 gloriam

135 1633 332 1687 placendi
352 1633 431 1674 deo
452 1639 495 1674 et
514 1634 721 1688 praedam
741 1634 916 1675 uiuendi
935 1634 979 1675 in
999 1640 1236 1675 aeternum.
1297 1635 1381 1676 Sed
1400 1635 1667 1677 obducimur.

133 1714 256 1755 Certe
279 1729 376 1755 cum
398 1715 678 1755 obtinuimus.
740 1715 853 1769 Ergo
875 1715 1070 1764 uicimus,
1095 1729 1193 1756 cum
1214 1716 1461 1766 occidimur,
1485 1717 1669 1771 denique
1692 1735 1735 1757 20

133 1794 370 1843 euadimus,
388 1808 486 1834 cum
500 1794 769 1835 obducimur.
820 1794 941 1834 Licet
956 1808 1070 1834 nunc
1086 1796 1382 1836 sarmenticios
1399 1801 1442 1837 et
1457 1797 1670 1837 semaxios

134 1873 370 1927 appelletis,
400 1874 501 1927 quia
529 1874 584 1914 ad
611 1873 805 1927 stipitem
832 1873 998 1914 dimidii
1025 1875 1118 1915 axis
1144 1875 1326 1916 reuincti
1353 1882 1669 1917 sarmentorum

132 1953 303 1994 ambitu
345 1954 575 1994 exurimur.
636 1954 719 1994 Hic
763 1959 827 1994 est
869 1954 1045 1995 habitus
1087 1955 1293 1996 uictoriae
1334 1962 1520 2006 nostrae,
1565 1957 1668 1998 haec

132 2034 326 2087 palmata
355 2035 499 2083 uestis,
531 2035 607 2075 tali
637 2049 763 2075 curru
792 2035 1124 2089 triumphamus.
1185 2036 1338 2077 Merito
1366 2037 1515 2091 itaque
1543 2038 1668 2078 uictis

131 2127 219 2153 non
236 2114 476 2167 placemus,
511 2119 739 2168 propterea
757 2114 870 2154 enim
888 2114 1103 2168 desperati
1121 2120 1164 2155 et
1180 2115 1337 2169 perditi
1355 2116 1665 2158 existimamur.
1690 2137 1707 2158 2
1714 2137 1731 2167 5

133 2192 215 2232 Sed
246 2193 349 2233 haec
380 2193 622 2247 desperatio
654 2198 697 2234 et
726 2193 910 2247 perditio
940 2208 1070 2248 penes
1099 2209 1177 2235 uos
1205 2195 1250 2235 in
1279 2209 1408 2235 causa
1437 2196 1595 2250 gloriae
1625 2203 1667 2237 et

131 2272 274 2312 famae
315 2273 521 2313 uexillum
563 2274 739 2314 uirtutis
781 2274 1009 2315 extollunt.
1070 2274 1238 2315 Mucius
1278 2275 1502 2316 dexteram
1544 2291 1667 2317 suam

131 2351 267 2393 libens
290 2354 329 2393 in
356 2367 430 2393 ara
452 2353 646 2407 reliquit:
688 2369 712 2394 o
735 2354 979 2395 sublimitas
1001 2355 1155 2395 animi!
1216 2355 1500 2410 Empedocles
1522 2362 1666 2398 totum

131 2446 221 2472 sese
248 2433 554 2474 Catanensium
580 2434 784 2475 Aetnaeis
808 2435 1016 2475 incendiis
1042 2435 1245 2476 donauit:
1289 2450 1313 2476 0
1340 2436 1460 2490 uigor
1485 2437 1663 2478 mentis!

133 2512 288 2566 Aliqua
320 2513 589 2567 Carthaginis
621 2514 836 2554 conditrix
865 2529 967 2569 rogo
999 2529 1043 2555 se
1073 2515 1310 2555 secundum
1341 2516 1665 2556 matrimonium
1686 2535 1732 2566 30

132 2591 273 2632 dedit:
317 2606 340 2632 o
368 2593 644 2646 praeconium
670 2594 907 2634 castitatis!
968 2594 1172 2649 Regulus,
1200 2609 1253 2636 ne
1279 2610 1390 2636 unus
1414 2610 1491 2650 pro
1517 2596 1666 2637 multis

132 2668 329 2710 hostibus
355 2671 532 2719 uiueret,
562 2676 656 2711 toto
685 2685 860 2725 corpore
887 2686 1030 2713 cruces
1056 2673 1244 2727 patitur:
1289 2688 1313 2714 o
1341 2674 1482 2714 uirum
1508 2673 1664 2715 fortem
