<?xml version="1.0" encoding="UTF-8"?>
<!DOCTYPE html PUBLIC "-//W3C//DTD XHTML 1.0 Transitional//EN"
    "http://www.w3.org/TR/xhtml1/DTD/xhtml1-transitional.dtd">
<html xmlns="http://www.w3.org/1999/xhtml" xml:lang="en" lang="en">
 <head>
  <title>
</title>
<meta http-equiv="Content-Type" content="text/html;charset=utf-8" />
  <meta name='ocr-system' content='tesseract 3.04.00' />
  <meta name='ocr-capabilities' content='ocr_page ocr_carea ocr_par ocr_line ocrx_word'/>
</head>
<body>
  <div class='ocr_page' id='page_1' title='image "apologeticustext00tertuoft_0138.png"; bbox 0 0 1827 3004; ppageno 0'>
   <div class='ocr_carea' id='block_1_1' title="bbox 117 68 1077 113">
    <p class='ocr_par' dir='ltr' id='par_1_1' title="bbox 117 68 1077 113">
     <span class='ocr_line' id='line_1_1' title="bbox 117 68 1077 113; baseline -0.005 0"><span class='ocrx_word' id='word_1_1' title='bbox 117 75 191 113; x_wconf 69' lang='lat'>114</span> <span class='ocrx_word' id='word_1_2' title='bbox 680 68 1077 110; x_wconf 81' lang='lat' dir='ltr'>TERTVLLIANI</span> 
     </span>
    </p>
   </div>
   <div class='ocr_carea' id='block_1_2' title="bbox 108 183 1712 2777">
    <p class='ocr_par' dir='ltr' id='par_1_2' title="bbox 108 183 1712 2777">
     <span class='ocr_line' id='line_1_2' title="bbox 113 183 1649 239; baseline -0.003 -13"><span class='ocrx_word' id='word_1_3' title='bbox 113 192 338 239; x_wconf 82' lang='lat' dir='ltr'>usurpant,</span> <span class='ocrx_word' id='word_1_4' title='bbox 373 185 447 226; x_wconf 89' lang='lat' dir='ltr'>sed</span> <span class='ocrx_word' id='word_1_5' title='bbox 480 190 523 224; x_wconf 88' lang='lat' dir='ltr'>et</span> <span class='ocrx_word' id='word_1_6' title='bbox 555 198 631 224; x_wconf 88' lang='lat' dir='ltr'>sua</span> <span class='ocrx_word' id='word_1_7' title='bbox 665 183 813 223; x_wconf 91' lang='lat' dir='ltr'>amicis</span> <span class='ocrx_word' id='word_1_8' title='bbox 846 183 1160 236; x_wconf 77' lang='lat' dir='ltr'>patientissime</span> <span class='ocrx_word' id='word_1_9' title='bbox 1192 183 1546 231; x_wconf 77' lang='lat' dir='ltr'>subministrant3</span> <span class='ocrx_word' id='word_1_10' title='bbox 1598 196 1649 222; x_wconf 79' lang='lat' dir='ltr'>ex</span> 
     </span>
     <span class='ocr_line' id='line_1_3' title="bbox 113 251 1649 305; baseline -0.003 -11"><span class='ocrx_word' id='word_1_11' title='bbox 113 255 196 303; x_wconf 81' lang='lat' dir='ltr'>illa,</span> <span class='ocrx_word' id='word_1_12' title='bbox 241 254 378 302; x_wconf 87' lang='lat' dir='ltr'>credo,</span> <span class='ocrx_word' id='word_1_13' title='bbox 423 253 634 292; x_wconf 87' lang='lat' dir='ltr'>maiorum</span> <span class='ocrx_word' id='word_1_14' title='bbox 677 256 719 291; x_wconf 91' lang='lat' dir='ltr'>et</span> <span class='ocrx_word' id='word_1_15' title='bbox 760 251 1175 305; x_wconf 74' lang='lat' dir='ltr'>sapientissimorum</span> <span class='ocrx_word' id='word_1_16' title='bbox 1217 251 1454 305; x_wconf 76' lang='lat' dir='ltr'>disciplina,</span> <span class='ocrx_word' id='word_1_17' title='bbox 1499 251 1649 291; x_wconf 77' lang='lat' dir='ltr'>Graeci</span> 
     </span>
     <span class='ocr_line' id='line_1_4' title="bbox 114 320 1647 373; baseline -0.003 -10"><span class='ocrx_word' id='word_1_18' title='bbox 114 323 301 363; x_wconf 66' lang='lat' dir='ltr'>socratis</span> <span class='ocrx_word' id='word_1_19' title='bbox 329 328 371 362; x_wconf 89' lang='lat' dir='ltr'>et</span> <span class='ocrx_word' id='word_1_20' title='bbox 399 321 585 361; x_wconf 81' lang='lat' dir='ltr'>Romani</span> <span class='ocrx_word' id='word_1_21' title='bbox 613 320 801 368; x_wconf 76' lang='lat' dir='ltr'>Catonis,</span> <span class='ocrx_word' id='word_1_22' title='bbox 831 320 904 373; x_wconf 87' lang='lat' dir='ltr'>qui</span> <span class='ocrx_word' id='word_1_23' title='bbox 932 334 1086 359; x_wconf 82' lang='lat' dir='ltr'>uxores</span> <span class='ocrx_word' id='word_1_24' title='bbox 1112 334 1210 360; x_wconf 91' lang='lat' dir='ltr'>suas</span> <span class='ocrx_word' id='word_1_25' title='bbox 1238 320 1385 359; x_wconf 88' lang='lat' dir='ltr'>amicis</span> <span class='ocrx_word' id='word_1_26' title='bbox 1413 320 1647 360; x_wconf 90' lang='lat' dir='ltr'>communi-</span> 
     </span>
     <span class='ocr_line' id='line_1_5' title="bbox 113 388 1650 444; baseline -0.002 -13"><span class='ocrx_word' id='word_1_27' title='bbox 113 396 334 439; x_wconf 81' lang='lat' dir='ltr'>cauerunt,</span> <span class='ocrx_word' id='word_1_28' title='bbox 369 405 475 444; x_wconf 85' lang='lat' dir='ltr'>quas</span> <span class='ocrx_word' id='word_1_29' title='bbox 506 390 549 429; x_wconf 90' lang='lat' dir='ltr'>in</span> <span class='ocrx_word' id='word_1_30' title='bbox 582 388 906 429; x_wconf 75' lang='lat' dir='ltr'>matrimonium</span> <span class='ocrx_word' id='word_1_31' title='bbox 938 388 1154 428; x_wconf 82' lang='lat' dir='ltr'>duxerant</span> <span class='ocrx_word' id='word_1_32' title='bbox 1184 388 1415 428; x_wconf 87' lang='lat' dir='ltr'>liberorum</span> <span class='ocrx_word' id='word_1_33' title='bbox 1447 402 1575 428; x_wconf 90' lang='lat' dir='ltr'>causa</span> <span class='ocrx_word' id='word_1_34' title='bbox 1607 394 1650 428; x_wconf 89' lang='lat' dir='ltr'>et</span> 
     </span>
     <span class='ocr_line' id='line_1_6' title="bbox 113 456 1687 510; baseline -0.003 -11"><span class='ocrx_word' id='word_1_35' title='bbox 113 460 213 499; x_wconf 81' lang='lat' dir='ltr'>alibi</span> <span class='ocrx_word' id='word_1_36' title='bbox 251 459 545 506; x_wconf 76' lang='lat' dir='ltr'>creandorum,</span> <span class='ocrx_word' id='word_1_37' title='bbox 584 458 725 497; x_wconf 88' lang='lat' dir='ltr'>nescio</span> <span class='ocrx_word' id='word_1_38' title='bbox 762 457 937 510; x_wconf 84' lang='lat' dir='ltr'>quidem</span> <span class='ocrx_word' id='word_1_39' title='bbox 973 471 1029 496; x_wconf 86' lang='lat' dir='ltr'>an</span> <span class='ocrx_word' id='word_1_40' title='bbox 1063 457 1237 497; x_wconf 88' lang='lat' dir='ltr'>inuitas.</span> <span class='ocrx_word' id='word_1_41' title='bbox 1299 457 1411 505; x_wconf 82' lang='lat' dir='ltr'>Quid</span> <span class='ocrx_word' id='word_1_42' title='bbox 1448 457 1561 496; x_wconf 88' lang='lat' dir='ltr'>enim</span> <span class='ocrx_word' id='word_1_43' title='bbox 1597 456 1687 496; x_wconf 71' lang='lat' dir='ltr'>defi</span> 
     </span>
     <span class='ocr_line' id='line_1_7' title="bbox 113 525 1649 579; baseline -0.002 -11"><span class='ocrx_word' id='word_1_44' title='bbox 113 529 315 568; x_wconf 84' lang='lat' dir='ltr'>castitate</span> <span class='ocrx_word' id='word_1_45' title='bbox 354 533 565 575; x_wconf 77' lang='lat' dir='ltr'>curarent,</span> <span class='ocrx_word' id='word_1_46' title='bbox 607 540 735 579; x_wconf 82' lang='lat' dir='ltr'>quam</span> <span class='ocrx_word' id='word_1_47' title='bbox 778 525 922 565; x_wconf 88' lang='lat' dir='ltr'>mariti</span> <span class='ocrx_word' id='word_1_48' title='bbox 961 531 1053 565; x_wconf 90' lang='lat' dir='ltr'>tam</span> <span class='ocrx_word' id='word_1_49' title='bbox 1091 526 1215 565; x_wconf 90' lang='lat' dir='ltr'>facile</span> <span class='ocrx_word' id='word_1_50' title='bbox 1252 526 1549 566; x_wconf 78' lang='lat' dir='ltr'>donanerant?</span> <span class='ocrx_word' id='word_1_51' title='bbox 1614 525 1649 565; x_wconf 88' lang='lat' dir='ltr'>O</span> 
     </span>
     <span class='ocr_line' id='line_1_8' title="bbox 112 594 1649 650; baseline -0.002 -14"><span class='ocrx_word' id='word_1_52' title='bbox 112 597 348 650; x_wconf 83' lang='lat' dir='ltr'>sapientiae</span> <span class='ocrx_word' id='word_1_53' title='bbox 380 596 564 643; x_wconf 80' lang='lat' dir='ltr'>Atticae,</span> <span class='ocrx_word' id='word_1_54' title='bbox 593 610 617 633; x_wconf 85' lang='lat' dir='ltr'>o</span> <span class='ocrx_word' id='word_1_55' title='bbox 654 595 874 634; x_wconf 77' lang='lat' dir='ltr'>Romanae</span> <span class='ocrx_word' id='word_1_56' title='bbox 904 594 1132 647; x_wconf 87' lang='lat' dir='ltr'>grauitatis</span> <span class='ocrx_word' id='word_1_57' title='bbox 1164 595 1432 648; x_wconf 78' lang='lat' dir='ltr'>exemplum:</span> <span class='ocrx_word' id='word_1_58' title='bbox 1476 594 1649 634; x_wconf 89' lang='lat' dir='ltr'>lenones</span> 
     </span>
     <span class='ocr_line' id='line_1_9' title="bbox 112 663 1647 718; baseline -0.003 -13"><span class='ocrx_word' id='word_1_59' title='bbox 112 665 392 718; x_wconf 88' lang='lat' dir='ltr'>philosophus</span> <span class='ocrx_word' id='word_1_60' title='bbox 416 670 459 704; x_wconf 91' lang='lat' dir='ltr'>et</span> <span class='ocrx_word' id='word_1_61' title='bbox 481 664 650 703; x_wconf 78' lang='lat' dir='ltr'>censor!</span> <span class='ocrx_word' id='word_1_62' title='bbox 714 663 826 711; x_wconf 83' lang='lat' dir='ltr'>Quid</span> <span class='ocrx_word' id='word_1_63' title='bbox 850 677 946 717; x_wconf 80' lang='lat' dir='ltr'>ergo</span> <span class='ocrx_word' id='word_1_64' title='bbox 970 663 1139 711; x_wconf 81' lang='lat' dir='ltr'>mirum,</span> <span class='ocrx_word' id='word_1_65' title='bbox 1165 663 1197 703; x_wconf 87' lang='lat' dir='ltr'>si</span> <span class='ocrx_word' id='word_1_66' title='bbox 1222 668 1347 703; x_wconf 84' lang='lat' dir='ltr'>tanta</span> <span class='ocrx_word' id='word_1_67' title='bbox 1371 663 1527 703; x_wconf 89' lang='lat' dir='ltr'>caritas</span> <span class='ocrx_word' id='word_1_68' title='bbox 1551 677 1647 702; x_wconf 91' lang='lat' dir='ltr'>con-</span> 
     </span>
     <span class='ocr_line' id='line_1_10' title="bbox 112 731 1649 785; baseline -0.001 -12"><span class='ocrx_word' id='word_1_69' title='bbox 112 734 325 773; x_wconf 73' lang='lat' dir='ltr'>uiolatur&#39;?</span> <span class='ocrx_word' id='word_1_70' title='bbox 388 733 501 772; x_wconf 86' lang='lat' dir='ltr'>Nam</span> <span class='ocrx_word' id='word_1_71' title='bbox 556 738 598 772; x_wconf 88' lang='lat' dir='ltr'>et</span> <span class='ocrx_word' id='word_1_72' title='bbox 651 731 851 772; x_wconf 89' lang='lat' dir='ltr'>coenulas</span> <span class='ocrx_word' id='word_1_73' title='bbox 903 737 1073 771; x_wconf 90' lang='lat' dir='ltr'>nostras</span> <span class='ocrx_word' id='word_1_74' title='bbox 1125 737 1428 785; x_wconf 75' lang='lat' dir='ltr'>praeterquam</span> <span class='ocrx_word' id='word_1_75' title='bbox 1482 731 1649 771; x_wconf 88' lang='lat' dir='ltr'>sceleris</span> 
     </span>
     <span class='ocr_line' id='line_1_11' title="bbox 112 800 1712 855; baseline -0.001 -14"><span class='ocrx_word' id='word_1_76' title='bbox 112 802 292 842; x_wconf 75' lang='lat' dir='ltr'>infames</span> <span class='ocrx_word' id='word_1_77' title='bbox 338 807 387 841; x_wconf 90' lang='lat' dir='ltr'>ut</span> <span class='ocrx_word' id='word_1_78' title='bbox 433 801 634 855; x_wconf 86' lang='lat' dir='ltr'>prodigas</span> <span class='ocrx_word' id='word_1_79' title='bbox 680 814 852 854; x_wconf 86' lang='lat' dir='ltr'>quoque</span> <span class='ocrx_word' id='word_1_80' title='bbox 897 800 1147 854; x_wconf 72' lang='lat' dir='ltr'>suggillatis.</span> <span class='ocrx_word' id='word_1_81' title='bbox 1208 800 1273 840; x_wconf 92' lang='lat' dir='ltr'>De</span> <span class='ocrx_word' id='word_1_82' title='bbox 1319 801 1442 841; x_wconf 89' lang='lat' dir='ltr'>nobis</span> <span class='ocrx_word' id='word_1_83' title='bbox 1487 800 1649 840; x_wconf 86' lang='lat' dir='ltr'>scilicet</span> <span class='ocrx_word' id='word_1_84' title='bbox 1670 813 1712 835; x_wconf 93' lang='lat'>10</span> 
     </span>
     <span class='ocr_line' id='line_1_12' title="bbox 112 868 1648 925; baseline -0.001 -15"><span class='ocrx_word' id='word_1_85' title='bbox 112 871 313 925; x_wconf 80' lang='lat' dir='ltr'>Diogenis</span> <span class='ocrx_word' id='word_1_86' title='bbox 342 871 507 910; x_wconf 87' lang='lat' dir='ltr'>dictum</span> <span class='ocrx_word' id='word_1_87' title='bbox 538 875 623 909; x_wconf 88' lang='lat' dir='ltr'>est:</span> <span class='ocrx_word' id='word_1_88' title='bbox 671 869 938 923; x_wconf 75' lang='lat' dir='ltr'>Megarenses</span> <span class='ocrx_word' id='word_1_89' title='bbox 967 870 1183 909; x_wconf 88' lang='lat' dir='ltr'>obsonant</span> <span class='ocrx_word' id='word_1_90' title='bbox 1212 870 1334 923; x_wconf 82' lang='lat' dir='ltr'>quasi</span> <span class='ocrx_word' id='word_1_91' title='bbox 1364 870 1550 909; x_wconf 85' lang='lat' dir='ltr'>crastina</span> <span class='ocrx_word' id='word_1_92' title='bbox 1580 868 1648 908; x_wconf 88' lang='lat' dir='ltr'>die</span> 
     </span>
     <span class='ocr_line' id='line_1_13' title="bbox 112 937 1649 991; baseline -0.001 -12"><span class='ocrx_word' id='word_1_93' title='bbox 112 940 320 987; x_wconf 71' lang='lat' dir='ltr'>morituri,</span> <span class='ocrx_word' id='word_1_94' title='bbox 378 939 610 979; x_wconf 86' lang='lat' dir='ltr'>aedificant</span> <span class='ocrx_word' id='word_1_95' title='bbox 664 952 765 977; x_wconf 88' lang='lat' dir='ltr'>uero</span> <span class='ocrx_word' id='word_1_96' title='bbox 822 938 944 991; x_wconf 87' lang='lat' dir='ltr'>qnasi</span> <span class='ocrx_word' id='word_1_97' title='bbox 1000 952 1239 991; x_wconf 83' lang='lat' dir='ltr'>numquam</span> <span class='ocrx_word' id='word_1_98' title='bbox 1296 938 1504 978; x_wconf 90' lang='lat' dir='ltr'>morituri.</span> <span class='ocrx_word' id='word_1_99' title='bbox 1566 937 1649 977; x_wconf 79' lang='lat' dir='ltr'>Sed</span> 
     </span>
     <span class='ocr_line' id='line_1_14' title="bbox 111 1006 1648 1061; baseline -0.001 -13"><span class='ocrx_word' id='word_1_100' title='bbox 111 1008 316 1061; x_wconf 82' lang='lat' dir='ltr'>stipulam</span> <span class='ocrx_word' id='word_1_101' title='bbox 353 1008 448 1061; x_wconf 89' lang='lat' dir='ltr'>quis</span> <span class='ocrx_word' id='word_1_102' title='bbox 483 1008 525 1047; x_wconf 84' lang='lat' dir='ltr'>in</span> <span class='ocrx_word' id='word_1_103' title='bbox 563 1007 700 1046; x_wconf 84' lang='lat' dir='ltr'>alieno</span> <span class='ocrx_word' id='word_1_104' title='bbox 737 1006 859 1046; x_wconf 92' lang='lat' dir='ltr'>oculo</span> <span class='ocrx_word' id='word_1_105' title='bbox 896 1006 1062 1046; x_wconf 77' lang='lat' dir='ltr'>facilius</span> <span class='ocrx_word' id='word_1_106' title='bbox 1094 1007 1298 1060; x_wconf 80' lang='lat' dir='ltr'>perspicit</span> <span class='ocrx_word' id='word_1_107' title='bbox 1331 1021 1462 1060; x_wconf 85' lang='lat' dir='ltr'>quam</span> <span class='ocrx_word' id='word_1_108' title='bbox 1495 1007 1539 1046; x_wconf 91' lang='lat' dir='ltr'>in</span> <span class='ocrx_word' id='word_1_109' title='bbox 1571 1020 1648 1046; x_wconf 92' lang='lat' dir='ltr'>suo</span> 
     </span>
     <span class='ocr_line' id='line_1_15' title="bbox 113 1075 1647 1117; baseline -0.001 -2"><span class='ocrx_word' id='word_1_110' title='bbox 113 1077 291 1117; x_wconf 74' lang='lat' dir='ltr'>trabem.</span> <span class='ocrx_word' id='word_1_111' title='bbox 354 1077 437 1116; x_wconf 88' lang='lat' dir='ltr'>Tot</span> <span class='ocrx_word' id='word_1_112' title='bbox 463 1076 664 1116; x_wconf 85' lang='lat' dir='ltr'>tribubus</span> <span class='ocrx_word' id='word_1_113' title='bbox 691 1080 734 1115; x_wconf 91' lang='lat' dir='ltr'>et</span> <span class='ocrx_word' id='word_1_114' title='bbox 760 1075 886 1115; x_wconf 84' lang='lat' dir='ltr'>curiis</span> <span class='ocrx_word' id='word_1_115' title='bbox 913 1080 956 1114; x_wconf 90' lang='lat' dir='ltr'>et</span> <span class='ocrx_word' id='word_1_116' title='bbox 982 1075 1163 1115; x_wconf 86' lang='lat' dir='ltr'>decuriis</span> <span class='ocrx_word' id='word_1_117' title='bbox 1190 1075 1464 1116; x_wconf 79' lang='lat' dir='ltr'>ructantibus</span> <span class='ocrx_word' id='word_1_118' title='bbox 1491 1075 1647 1115; x_wconf 79' lang='lat' dir='ltr'>acescit</span> 
     </span>
     <span class='ocr_line' id='line_1_16' title="bbox 111 1144 1707 1191; baseline -0.001 -6"><span class='ocrx_word' id='word_1_119' title='bbox 111 1150 202 1185; x_wconf 76' lang='lat' dir='ltr'>a‘e&#39;r:</span> <span class='ocrx_word' id='word_1_120' title='bbox 246 1145 368 1185; x_wconf 73' lang='lat' dir='ltr'>Saliis</span> <span class='ocrx_word' id='word_1_121' title='bbox 394 1145 637 1185; x_wconf 82' lang='lat' dir='ltr'>coenaturis</span> <span class='ocrx_word' id='word_1_122' title='bbox 662 1144 847 1183; x_wconf 83' lang='lat' dir='ltr'>creditor</span> <span class='ocrx_word' id='word_1_123' title='bbox 872 1144 952 1183; x_wconf 88' lang='lat' dir='ltr'>erit</span> <span class='ocrx_word' id='word_1_124' title='bbox 976 1144 1259 1184; x_wconf 83' lang='lat' dir='ltr'>necessarius:</span> <span class='ocrx_word' id='word_1_125' title='bbox 1303 1144 1647 1184; x_wconf 86' lang='lat' dir='ltr'>Herculanarum</span> <span class='ocrx_word' id='word_1_126' title='bbox 1668 1161 1707 1191; x_wconf 86' lang='lat'>15</span> 
     </span>
     <span class='ocr_line' id='line_1_17' title="bbox 110 1212 1644 1267; baseline -0.001 -14"><span class='ocrx_word' id='word_1_127' title='bbox 110 1214 373 1254; x_wconf 86' lang='lat' dir='ltr'>decimarum</span> <span class='ocrx_word' id='word_1_128' title='bbox 417 1220 457 1253; x_wconf 90' lang='lat' dir='ltr'>et</span> <span class='ocrx_word' id='word_1_129' title='bbox 500 1213 789 1267; x_wconf 82' lang='lat' dir='ltr'>polluctorum</span> <span class='ocrx_word' id='word_1_130' title='bbox 832 1218 1032 1266; x_wconf 89' lang='lat' dir='ltr'>sumptus</span> <span class='ocrx_word' id='word_1_131' title='bbox 1074 1212 1275 1252; x_wconf 81' lang='lat' dir='ltr'>tabularii</span> <span class='ocrx_word' id='word_1_132' title='bbox 1318 1213 1644 1267; x_wconf 87' lang='lat' dir='ltr'>supputabunt:</span> 
     </span>
     <span class='ocr_line' id='line_1_18' title="bbox 112 1281 1644 1336; baseline -0.002 -13"><span class='ocrx_word' id='word_1_133' title='bbox 112 1283 344 1336; x_wconf 73' lang='lat' dir='ltr'>Apaturiis,</span> <span class='ocrx_word' id='word_1_134' title='bbox 362 1283 592 1335; x_wconf 76' lang='lat' dir='ltr'>Dionysiis,</span> <span class='ocrx_word' id='word_1_135' title='bbox 610 1282 825 1334; x_wconf 82' lang='lat' dir='ltr'>mysteriis</span> <span class='ocrx_word' id='word_1_136' title='bbox 839 1281 996 1321; x_wconf 79' lang='lat' dir='ltr'>Atticis</span> <span class='ocrx_word' id='word_1_137' title='bbox 1010 1295 1209 1322; x_wconf 89' lang='lat' dir='ltr'>cocorum</span> <span class='ocrx_word' id='word_1_138' title='bbox 1224 1282 1405 1322; x_wconf 86' lang='lat' dir='ltr'>dilectus</span> <span class='ocrx_word' id='word_1_139' title='bbox 1418 1282 1644 1323; x_wconf 87' lang='lat' dir='ltr'>indicitur:</span> 
     </span>
     <span class='ocr_line' id='line_1_19' title="bbox 109 1350 1646 1404; baseline 0.001 -13"><span class='ocrx_word' id='word_1_140' title='bbox 109 1352 163 1391; x_wconf 82' lang='lat' dir='ltr'>ad</span> <span class='ocrx_word' id='word_1_141' title='bbox 191 1352 360 1391; x_wconf 87' lang='lat' dir='ltr'>fumum</span> <span class='ocrx_word' id='word_1_142' title='bbox 387 1365 544 1391; x_wconf 90' lang='lat' dir='ltr'>coenae</span> <span class='ocrx_word' id='word_1_143' title='bbox 571 1351 827 1404; x_wconf 72' lang='lat' dir='ltr'>Sarapiacae</span> <span class='ocrx_word' id='word_1_144' title='bbox 853 1350 1057 1403; x_wconf 86' lang='lat' dir='ltr'>sparteoli</span> <span class='ocrx_word' id='word_1_145' title='bbox 1085 1350 1404 1391; x_wconf 80' lang='lat' dir='ltr'>excitabuntur.</span> <span class='ocrx_word' id='word_1_146' title='bbox 1466 1351 1530 1391; x_wconf 92' lang='lat' dir='ltr'>De</span> <span class='ocrx_word' id='word_1_147' title='bbox 1557 1353 1646 1393; x_wconf 91' lang='lat' dir='ltr'>solo</span> 
     </span>
     <span class='ocr_line' id='line_1_20' title="bbox 111 1419 1646 1461; baseline 0.001 -1"><span class='ocrx_word' id='word_1_148' title='bbox 111 1421 292 1461; x_wconf 87' lang='lat' dir='ltr'>triclinio</span> <span class='ocrx_word' id='word_1_149' title='bbox 326 1420 667 1460; x_wconf 82' lang='lat' dir='ltr'>Christianorum</span> <span class='ocrx_word' id='word_1_150' title='bbox 700 1424 974 1459; x_wconf 84' lang='lat' dir='ltr'>retractatur.</span> <span class='ocrx_word' id='word_1_151' title='bbox 1036 1419 1177 1459; x_wconf 84' lang='lat' dir='ltr'>Coena</span> <span class='ocrx_word' id='word_1_152' title='bbox 1208 1425 1356 1459; x_wconf 88' lang='lat' dir='ltr'>nostra</span> <span class='ocrx_word' id='word_1_153' title='bbox 1390 1420 1441 1459; x_wconf 85' lang='lat' dir='ltr'>de</span> <span class='ocrx_word' id='word_1_154' title='bbox 1474 1421 1646 1461; x_wconf 89' lang='lat' dir='ltr'>nomine</span> 
     </span>
     <span class='ocr_line' id='line_1_21' title="bbox 109 1488 1708 1542; baseline -0.002 -13"><span class='ocrx_word' id='word_1_155' title='bbox 109 1490 320 1529; x_wconf 88' lang='lat' dir='ltr'>rationem</span> <span class='ocrx_word' id='word_1_156' title='bbox 342 1489 405 1529; x_wconf 89' lang='lat' dir='ltr'>sui</span> <span class='ocrx_word' id='word_1_157' title='bbox 426 1488 630 1529; x_wconf 85' lang='lat' dir='ltr'>ostendit.</span> <span class='ocrx_word' id='word_1_158' title='bbox 692 1488 744 1527; x_wconf 85' lang='lat' dir='ltr'>ld</span> <span class='ocrx_word' id='word_1_159' title='bbox 764 1493 947 1528; x_wconf 88' lang='lat' dir='ltr'>uocatur</span> <span class='ocrx_word' id='word_1_160' title='bbox 967 1488 1083 1541; x_wconf 88' lang='lat' dir='ltr'>quod</span> <span class='ocrx_word' id='word_1_161' title='bbox 1104 1488 1275 1528; x_wconf 89' lang='lat' dir='ltr'>dilectio</span> <span class='ocrx_word' id='word_1_162' title='bbox 1296 1503 1426 1542; x_wconf 88' lang='lat' dir='ltr'>penes</span> <span class='ocrx_word' id='word_1_163' title='bbox 1447 1488 1643 1530; x_wconf 81' lang='lat' dir='ltr'>Graecos.</span> <span class='ocrx_word' id='word_1_164' title='bbox 1665 1504 1708 1526; x_wconf 84' lang='lat'>20</span> 
     </span>
     <span class='ocr_line' id='line_1_22' title="bbox 111 1556 1645 1611; baseline 0.003 -17"><span class='ocrx_word' id='word_1_165' title='bbox 111 1557 481 1611; x_wconf 80' lang='lat' dir='ltr'>Quantiscumque</span> <span class='ocrx_word' id='word_1_166' title='bbox 507 1556 754 1610; x_wconf 87' lang='lat' dir='ltr'>sumptibus</span> <span class='ocrx_word' id='word_1_167' title='bbox 780 1562 961 1605; x_wconf 83' lang='lat' dir='ltr'>constet,</span> <span class='ocrx_word' id='word_1_168' title='bbox 989 1556 1154 1596; x_wconf 89' lang='lat' dir='ltr'>lucrum</span> <span class='ocrx_word' id='word_1_169' title='bbox 1182 1562 1246 1597; x_wconf 88' lang='lat' dir='ltr'>est</span> <span class='ocrx_word' id='word_1_170' title='bbox 1272 1558 1447 1610; x_wconf 87' lang='lat' dir='ltr'>pietatis</span> <span class='ocrx_word' id='word_1_171' title='bbox 1473 1559 1645 1599; x_wconf 86' lang='lat' dir='ltr'>nomine</span> 
     </span>
     <span class='ocr_line' id='line_1_23' title="bbox 109 1625 1644 1680; baseline 0.001 -14"><span class='ocrx_word' id='word_1_172' title='bbox 109 1627 246 1666; x_wconf 85' lang='lat' dir='ltr'>facere</span> <span class='ocrx_word' id='word_1_173' title='bbox 297 1632 534 1679; x_wconf 67' lang='lat' dir='ltr'>sumptum,</span> <span class='ocrx_word' id='word_1_174' title='bbox 588 1625 799 1679; x_wconf 86' lang='lat' dir='ltr'>siquidem</span> <span class='ocrx_word' id='word_1_175' title='bbox 850 1625 999 1679; x_wconf 89' lang='lat' dir='ltr'>inopes</span> <span class='ocrx_word' id='word_1_176' title='bbox 1051 1640 1244 1679; x_wconf 87' lang='lat' dir='ltr'>quosque</span> <span class='ocrx_word' id='word_1_177' title='bbox 1295 1626 1509 1680; x_wconf 85' lang='lat' dir='ltr'>refrigerio</span> <span class='ocrx_word' id='word_1_178' title='bbox 1561 1628 1644 1668; x_wconf 87' lang='lat' dir='ltr'>isto</span> 
     </span>
     <span class='ocr_line' id='line_1_24' title="bbox 108 1699 1645 1755; baseline 0.001 -15"><span class='ocrx_word' id='word_1_179' title='bbox 108 1701 319 1749; x_wconf 72' lang='lat' dir='ltr'>iuuamus,</span> <span class='ocrx_word' id='word_1_180' title='bbox 360 1715 446 1740; x_wconf 90' lang='lat' dir='ltr'>non</span> <span class='ocrx_word' id='word_1_181' title='bbox 486 1714 571 1753; x_wconf 88' lang='lat' dir='ltr'>qua</span> <span class='ocrx_word' id='word_1_182' title='bbox 609 1714 739 1753; x_wconf 89' lang='lat' dir='ltr'>penes</span> <span class='ocrx_word' id='word_1_183' title='bbox 777 1714 854 1739; x_wconf 92' lang='lat' dir='ltr'>uos</span> <span class='ocrx_word' id='word_1_184' title='bbox 894 1699 1071 1753; x_wconf 88' lang='lat' dir='ltr'>parasiti</span> <span class='ocrx_word' id='word_1_185' title='bbox 1110 1699 1335 1740; x_wconf 79' lang='lat' dir='ltr'>adfectant</span> <span class='ocrx_word' id='word_1_186' title='bbox 1373 1700 1429 1740; x_wconf 89' lang='lat' dir='ltr'>ad</span> <span class='ocrx_word' id='word_1_187' title='bbox 1465 1701 1645 1755; x_wconf 75' lang='lat' dir='ltr'>gloriam</span> 
     </span>
     <span class='ocr_line' id='line_1_25' title="bbox 108 1773 1643 1815; baseline 0.001 -2"><span class='ocrx_word' id='word_1_188' title='bbox 108 1773 383 1813; x_wconf 75' lang='lat' dir='ltr'>famulandae</span> <span class='ocrx_word' id='word_1_189' title='bbox 427 1773 640 1813; x_wconf 82' lang='lat' dir='ltr'>libertatis</span> <span class='ocrx_word' id='word_1_190' title='bbox 685 1773 763 1813; x_wconf 90' lang='lat' dir='ltr'>sub</span> <span class='ocrx_word' id='word_1_191' title='bbox 810 1778 1137 1813; x_wconf 87' lang='lat' dir='ltr'>auctoramento</span> <span class='ocrx_word' id='word_1_192' title='bbox 1183 1774 1347 1813; x_wconf 90' lang='lat' dir='ltr'>uentris</span> <span class='ocrx_word' id='word_1_193' title='bbox 1389 1774 1502 1814; x_wconf 88' lang='lat' dir='ltr'>inter</span> <span class='ocrx_word' id='word_1_194' title='bbox 1547 1789 1643 1815; x_wconf 85' lang='lat' dir='ltr'>con-</span> 
     </span>
     <span class='ocr_line' id='line_1_26' title="bbox 108 1846 1704 1902; baseline 0.001 -15"><span class='ocrx_word' id='word_1_195' title='bbox 108 1848 307 1888; x_wconf 88' lang='lat' dir='ltr'>tumelias</span> <span class='ocrx_word' id='word_1_196' title='bbox 328 1847 565 1902; x_wconf 71' lang='lat' dir='ltr'>saginandi,</span> <span class='ocrx_word' id='word_1_197' title='bbox 589 1847 663 1887; x_wconf 89' lang='lat' dir='ltr'>sed</span> <span class='ocrx_word' id='word_1_198' title='bbox 684 1861 769 1900; x_wconf 87' lang='lat' dir='ltr'>qua</span> <span class='ocrx_word' id='word_1_199' title='bbox 791 1860 921 1900; x_wconf 88' lang='lat' dir='ltr'>penes</span> <span class='ocrx_word' id='word_1_200' title='bbox 941 1846 1070 1887; x_wconf 91' lang='lat' dir='ltr'>deum</span> <span class='ocrx_word' id='word_1_201' title='bbox 1092 1847 1228 1887; x_wconf 86' lang='lat' dir='ltr'>maior</span> <span class='ocrx_word' id='word_1_202' title='bbox 1248 1853 1313 1888; x_wconf 88' lang='lat' dir='ltr'>est</span> <span class='ocrx_word' id='word_1_203' title='bbox 1334 1849 1643 1902; x_wconf 84' lang='lat' dir='ltr'>contemplatio</span> <span class='ocrx_word' id='word_1_204' title='bbox 1663 1862 1704 1893; x_wconf 88' lang='lat'>25</span> 
     </span>
     <span class='ocr_line' id='line_1_27' title="bbox 110 1921 1643 1975; baseline 0.001 -14"><span class='ocrx_word' id='word_1_205' title='bbox 110 1922 400 1961; x_wconf 83' lang='lat' dir='ltr'>mediocrium.</span> <span class='ocrx_word' id='word_1_206' title='bbox 462 1921 503 1961; x_wconf 75' lang='lat' dir='ltr'>Si</span> <span class='ocrx_word' id='word_1_207' title='bbox 531 1921 711 1961; x_wconf 88' lang='lat' dir='ltr'>honesta</span> <span class='ocrx_word' id='word_1_208' title='bbox 738 1934 867 1960; x_wconf 90' lang='lat' dir='ltr'>causa</span> <span class='ocrx_word' id='word_1_209' title='bbox 894 1926 959 1960; x_wconf 89' lang='lat' dir='ltr'>est</span> <span class='ocrx_word' id='word_1_210' title='bbox 984 1921 1183 1969; x_wconf 88' lang='lat' dir='ltr'>conuiuii,</span> <span class='ocrx_word' id='word_1_211' title='bbox 1212 1921 1423 1975; x_wconf 86' lang='lat' dir='ltr'>reliquum</span> <span class='ocrx_word' id='word_1_212' title='bbox 1450 1922 1643 1962; x_wconf 90' lang='lat' dir='ltr'>ordinem</span> 
     </span>
     <span class='ocr_line' id='line_1_28' title="bbox 108 1994 1641 2049; baseline 0.001 -15"><span class='ocrx_word' id='word_1_213' title='bbox 108 1995 356 2048; x_wconf 78' lang='lat' dir='ltr'>disciplina-e</span> <span class='ocrx_word' id='word_1_214' title='bbox 385 1994 437 2034; x_wconf 85' lang='lat' dir='ltr'>de</span> <span class='ocrx_word' id='word_1_215' title='bbox 468 2008 596 2034; x_wconf 87' lang='lat' dir='ltr'>causa</span> <span class='ocrx_word' id='word_1_216' title='bbox 626 1994 866 2034; x_wconf 85' lang='lat' dir='ltr'>aestimate.</span> <span class='ocrx_word' id='word_1_217' title='bbox 929 1994 1053 2042; x_wconf 83' lang='lat' dir='ltr'>Quod</span> <span class='ocrx_word' id='word_1_218' title='bbox 1082 1995 1139 2034; x_wconf 89' lang='lat' dir='ltr'>sit</span> <span class='ocrx_word' id='word_1_219' title='bbox 1167 1994 1219 2034; x_wconf 91' lang='lat' dir='ltr'>de</span> <span class='ocrx_word' id='word_1_220' title='bbox 1249 1995 1461 2049; x_wconf 83' lang='lat' dir='ltr'>religionis</span> <span class='ocrx_word' id='word_1_221' title='bbox 1490 1995 1641 2045; x_wconf 86' lang='lat' dir='ltr'>officio,</span> 
     </span>
     <span class='ocr_line' id='line_1_29' title="bbox 108 2067 1643 2122; baseline 0.002 -15"><span class='ocrx_word' id='word_1_222' title='bbox 108 2068 211 2108; x_wconf 91' lang='lat' dir='ltr'>nihil</span> <span class='ocrx_word' id='word_1_223' title='bbox 245 2068 435 2117; x_wconf 74' lang='lat' dir='ltr'>uilitatis,</span> <span class='ocrx_word' id='word_1_224' title='bbox 467 2067 571 2107; x_wconf 89' lang='lat' dir='ltr'>nihil</span> <span class='ocrx_word' id='word_1_225' title='bbox 600 2067 886 2107; x_wconf 74' lang='lat' dir='ltr'>immodestiae</span> <span class='ocrx_word' id='word_1_226' title='bbox 915 2067 1124 2108; x_wconf 87' lang='lat' dir='ltr'>admittit.</span> <span class='ocrx_word' id='word_1_227' title='bbox 1185 2068 1283 2109; x_wconf 90' lang='lat' dir='ltr'>Non</span> <span class='ocrx_word' id='word_1_228' title='bbox 1313 2069 1430 2122; x_wconf 85' lang='lat' dir='ltr'>prius</span> <span class='ocrx_word' id='word_1_229' title='bbox 1459 2069 1643 2110; x_wconf 87' lang='lat' dir='ltr'>discum-</span> 
     </span>
     <span class='ocr_line' id='line_1_30' title="bbox 110 2140 1643 2195; baseline 0.001 -14"><span class='ocrx_word' id='word_1_230' title='bbox 110 2141 226 2181; x_wconf 89' lang='lat' dir='ltr'>bitur</span> <span class='ocrx_word' id='word_1_231' title='bbox 262 2156 393 2194; x_wconf 83' lang='lat' dir='ltr'>quam</span> <span class='ocrx_word' id='word_1_232' title='bbox 430 2141 567 2181; x_wconf 85' lang='lat' dir='ltr'>oratio</span> <span class='ocrx_word' id='word_1_233' title='bbox 604 2140 659 2180; x_wconf 90' lang='lat' dir='ltr'>ad</span> <span class='ocrx_word' id='word_1_234' title='bbox 696 2140 824 2180; x_wconf 90' lang='lat' dir='ltr'>deum</span> <span class='ocrx_word' id='word_1_235' title='bbox 861 2146 1175 2195; x_wconf 85' lang='lat' dir='ltr'>praegustetur.</span> <span class='ocrx_word' id='word_1_236' title='bbox 1237 2141 1394 2182; x_wconf 87' lang='lat' dir='ltr'>Editur</span> <span class='ocrx_word' id='word_1_237' title='bbox 1429 2148 1643 2195; x_wconf 87' lang='lat' dir='ltr'>quantum</span> 
     </span>
     <span class='ocr_line' id='line_1_31' title="bbox 109 2213 1706 2267; baseline 0.001 -14"><span class='ocrx_word' id='word_1_238' title='bbox 109 2215 341 2254; x_wconf 87' lang='lat' dir='ltr'>esurientes</span> <span class='ocrx_word' id='word_1_239' title='bbox 384 2214 573 2267; x_wconf 86' lang='lat' dir='ltr'>capiunt,</span> <span class='ocrx_word' id='word_1_240' title='bbox 618 2213 782 2253; x_wconf 88' lang='lat' dir='ltr'>bibitur</span> <span class='ocrx_word' id='word_1_241' title='bbox 824 2219 1038 2267; x_wconf 89' lang='lat' dir='ltr'>quantum</span> <span class='ocrx_word' id='word_1_242' title='bbox 1080 2214 1247 2267; x_wconf 89' lang='lat' dir='ltr'>pudicis</span> <span class='ocrx_word' id='word_1_243' title='bbox 1289 2215 1394 2255; x_wconf 87' lang='lat' dir='ltr'>utile</span> <span class='ocrx_word' id='word_1_244' title='bbox 1436 2222 1512 2256; x_wconf 93' lang='lat' dir='ltr'>est.</span> <span class='ocrx_word' id='word_1_245' title='bbox 1574 2217 1644 2257; x_wconf 87' lang='lat' dir='ltr'>Ita</span> <span class='ocrx_word' id='word_1_246' title='bbox 1662 2233 1706 2264; x_wconf 88' lang='lat'>30</span> 
     </span>
     <span class='ocr_line' id='line_1_32' title="bbox 108 2286 1644 2340; baseline 0.002 -14"><span class='ocrx_word' id='word_1_247' title='bbox 108 2292 372 2335; x_wconf 80' lang='lat' dir='ltr'>saturantur,</span> <span class='ocrx_word' id='word_1_248' title='bbox 407 2292 457 2326; x_wconf 92' lang='lat' dir='ltr'>ut</span> <span class='ocrx_word' id='word_1_249' title='bbox 489 2286 561 2339; x_wconf 83' lang='lat' dir='ltr'>qui</span> <span class='ocrx_word' id='word_1_250' title='bbox 594 2286 869 2326; x_wconf 90' lang='lat' dir='ltr'>meminerint</span> <span class='ocrx_word' id='word_1_251' title='bbox 900 2286 1031 2326; x_wconf 84' lang='lat' dir='ltr'>etiam</span> <span class='ocrx_word' id='word_1_252' title='bbox 1063 2301 1138 2340; x_wconf 89' lang='lat' dir='ltr'>per</span> <span class='ocrx_word' id='word_1_253' title='bbox 1168 2292 1341 2327; x_wconf 90' lang='lat' dir='ltr'>noctem</span> <span class='ocrx_word' id='word_1_254' title='bbox 1373 2288 1644 2329; x_wconf 90' lang='lat' dir='ltr'>adorandum</span> 
     </span>
     <span class='ocr_line' id='line_1_33' title="bbox 110 2357 1641 2413; baseline 0.003 -15"><span class='ocrx_word' id='word_1_255' title='bbox 110 2359 237 2399; x_wconf 88' lang='lat' dir='ltr'>deum</span> <span class='ocrx_word' id='word_1_256' title='bbox 263 2359 341 2399; x_wconf 87' lang='lat' dir='ltr'>sibi</span> <span class='ocrx_word' id='word_1_257' title='bbox 368 2373 477 2407; x_wconf 74' lang='lat' dir='ltr'>esse3</span> <span class='ocrx_word' id='word_1_258' title='bbox 519 2359 580 2399; x_wconf 82' lang='lat' dir='ltr'>ita</span> <span class='ocrx_word' id='word_1_259' title='bbox 606 2357 870 2407; x_wconf 80' lang='lat' dir='ltr'>fabulantur,</span> <span class='ocrx_word' id='word_1_260' title='bbox 898 2364 948 2399; x_wconf 90' lang='lat' dir='ltr'>ut</span> <span class='ocrx_word' id='word_1_261' title='bbox 972 2359 1045 2413; x_wconf 87' lang='lat' dir='ltr'>qui</span> <span class='ocrx_word' id='word_1_262' title='bbox 1069 2359 1209 2400; x_wconf 89' lang='lat' dir='ltr'>sciant</span> <span class='ocrx_word' id='word_1_263' title='bbox 1232 2359 1457 2401; x_wconf 89' lang='lat' dir='ltr'>dominum</span> <span class='ocrx_word' id='word_1_264' title='bbox 1481 2362 1641 2403; x_wconf 88' lang='lat' dir='ltr'>audire.</span> 
     </span>
     <span class='ocr_line' id='line_1_34' title="bbox 113 2431 1644 2489; baseline 0.003 -18"><span class='ocrx_word' id='word_1_265' title='bbox 113 2432 214 2472; x_wconf 85' lang='lat' dir='ltr'>Post</span> <span class='ocrx_word' id='word_1_266' title='bbox 251 2446 409 2485; x_wconf 84' lang='lat' dir='ltr'>aquam</span> <span class='ocrx_word' id='word_1_267' title='bbox 448 2431 692 2471; x_wconf 87' lang='lat' dir='ltr'>manualem</span> <span class='ocrx_word' id='word_1_268' title='bbox 732 2437 775 2472; x_wconf 88' lang='lat' dir='ltr'>et</span> <span class='ocrx_word' id='word_1_269' title='bbox 811 2432 987 2481; x_wconf 79' lang='lat' dir='ltr'>lumina,</span> <span class='ocrx_word' id='word_1_270' title='bbox 1028 2438 1077 2472; x_wconf 92' lang='lat' dir='ltr'>ut</span> <span class='ocrx_word' id='word_1_271' title='bbox 1115 2433 1295 2487; x_wconf 85' lang='lat' dir='ltr'>quisque</span> <span class='ocrx_word' id='word_1_272' title='bbox 1333 2433 1385 2473; x_wconf 89' lang='lat' dir='ltr'>de</span> <span class='ocrx_word' id='word_1_273' title='bbox 1422 2435 1644 2489; x_wconf 88' lang='lat' dir='ltr'>scripturis</span> 
     </span>
     <span class='ocr_line' id='line_1_35' title="bbox 109 2504 1643 2559; baseline 0.003 -15"><span class='ocrx_word' id='word_1_274' title='bbox 109 2505 270 2544; x_wconf 83' lang='lat' dir='ltr'>sanctis</span> <span class='ocrx_word' id='word_1_275' title='bbox 289 2504 356 2544; x_wconf 88' lang='lat' dir='ltr'>uel</span> <span class='ocrx_word' id='word_1_276' title='bbox 377 2504 429 2543; x_wconf 91' lang='lat' dir='ltr'>de</span> <span class='ocrx_word' id='word_1_277' title='bbox 449 2504 620 2557; x_wconf 89' lang='lat' dir='ltr'>proprio</span> <span class='ocrx_word' id='word_1_278' title='bbox 640 2504 809 2558; x_wconf 87' lang='lat' dir='ltr'>ingenio</span> <span class='ocrx_word' id='word_1_279' title='bbox 830 2510 987 2558; x_wconf 82' lang='lat' dir='ltr'>potest,</span> <span class='ocrx_word' id='word_1_280' title='bbox 1009 2511 1272 2559; x_wconf 89' lang='lat' dir='ltr'>prouocatur</span> <span class='ocrx_word' id='word_1_281' title='bbox 1290 2506 1333 2546; x_wconf 95' lang='lat' dir='ltr'>in</span> <span class='ocrx_word' id='word_1_282' title='bbox 1354 2507 1544 2547; x_wconf 88' lang='lat' dir='ltr'>medium</span> <span class='ocrx_word' id='word_1_283' title='bbox 1564 2508 1643 2548; x_wconf 90' lang='lat' dir='ltr'>deo</span> 
     </span>
     <span class='ocr_line' id='line_1_36' title="bbox 111 2575 1703 2632; baseline 0.003 -16"><span class='ocrx_word' id='word_1_284' title='bbox 111 2590 282 2625; x_wconf 76' lang='lat' dir='ltr'>canere3</span> <span class='ocrx_word' id='word_1_285' title='bbox 334 2577 432 2616; x_wconf 93' lang='lat' dir='ltr'>hinc</span> <span class='ocrx_word' id='word_1_286' title='bbox 466 2575 676 2629; x_wconf 88' lang='lat' dir='ltr'>probatur</span> <span class='ocrx_word' id='word_1_287' title='bbox 709 2577 927 2630; x_wconf 86' lang='lat' dir='ltr'>quomodo</span> <span class='ocrx_word' id='word_1_288' title='bbox 961 2577 1130 2618; x_wconf 89' lang='lat' dir='ltr'>biberit.</span> <span class='ocrx_word' id='word_1_289' title='bbox 1192 2578 1340 2632; x_wconf 87' lang='lat' dir='ltr'>Aeque</span> <span class='ocrx_word' id='word_1_290' title='bbox 1373 2580 1510 2620; x_wconf 88' lang='lat' dir='ltr'>oratio</span> <span class='ocrx_word' id='word_1_291' title='bbox 1545 2594 1642 2620; x_wconf 91' lang='lat' dir='ltr'>con·</span> <span class='ocrx_word' id='word_1_292' title='bbox 1661 2595 1703 2628; x_wconf 86' lang='lat'>35</span> 
     </span>
     <span class='ocr_line' id='line_1_37' title="bbox 110 2648 1642 2693; baseline 0.003 -4"><span class='ocrx_word' id='word_1_293' title='bbox 110 2649 275 2689; x_wconf 88' lang='lat' dir='ltr'>uiuium</span> <span class='ocrx_word' id='word_1_294' title='bbox 312 2648 487 2689; x_wconf 88' lang='lat' dir='ltr'>dirimit.</span> <span class='ocrx_word' id='word_1_295' title='bbox 548 2648 656 2688; x_wconf 89' lang='lat' dir='ltr'>Inde</span> <span class='ocrx_word' id='word_1_296' title='bbox 691 2649 926 2690; x_wconf 85' lang='lat' dir='ltr'>disceditur</span> <span class='ocrx_word' id='word_1_297' title='bbox 961 2664 1048 2691; x_wconf 93' lang='lat' dir='ltr'>non</span> <span class='ocrx_word' id='word_1_298' title='bbox 1083 2650 1128 2690; x_wconf 90' lang='lat' dir='ltr'>in</span> <span class='ocrx_word' id='word_1_299' title='bbox 1165 2656 1362 2691; x_wconf 88' lang='lat' dir='ltr'>cateruas</span> <span class='ocrx_word' id='word_1_300' title='bbox 1397 2652 1642 2693; x_wconf 87' lang='lat' dir='ltr'>caesionum</span> 
     </span>
     <span class='ocr_line' id='line_1_38' title="bbox 110 2720 1640 2777; baseline 0.003 -17"><span class='ocrx_word' id='word_1_301' title='bbox 110 2735 188 2761; x_wconf 87' lang='lat' dir='ltr'>nec</span> <span class='ocrx_word' id='word_1_302' title='bbox 221 2721 264 2761; x_wconf 89' lang='lat' dir='ltr'>in</span> <span class='ocrx_word' id='word_1_303' title='bbox 300 2721 452 2761; x_wconf 87' lang='lat' dir='ltr'>classes</span> <span class='ocrx_word' id='word_1_304' title='bbox 487 2720 849 2762; x_wconf 86' lang='lat' dir='ltr'>discursationum</span> <span class='ocrx_word' id='word_1_305' title='bbox 884 2736 962 2762; x_wconf 86' lang='lat' dir='ltr'>nec</span> <span class='ocrx_word' id='word_1_306' title='bbox 995 2723 1039 2762; x_wconf 92' lang='lat' dir='ltr'>in</span> <span class='ocrx_word' id='word_1_307' title='bbox 1075 2723 1320 2777; x_wconf 86' lang='lat' dir='ltr'>eruptiones</span> <span class='ocrx_word' id='word_1_308' title='bbox 1353 2723 1640 2775; x_wconf 83' lang='lat' dir='ltr'>lasciuiarum,</span> 
     </span>
    </p>
   </div>
  </div>
 </body>
</html>
