1827 3004
133 58 208 96 128
697 53 1094 102 TERTVLLIANI

128 170 433 219 innocentiam,
474 170 700 217 iustitiam,
742 168 1014 222 patientiam,
1057 167 1351 216 sobrietatem,
1394 167 1663 222 pudicitiam.

129 244 212 285 Cur
244 258 341 298 ergo
374 243 531 297 quibus
563 256 865 296 comparamur
897 241 949 282 de
981 241 1220 295 disciplina,
1254 256 1341 282 non
1372 241 1552 296 proinde
1582 242 1664 282 illis

127 318 423 371 adaequamur
441 317 495 357 ad
513 316 732 357 licentiam
750 315 1145 369 impunitatemque
1164 315 1440 369 disciplinae?
1502 315 1570 356 uel
1590 329 1664 355 cur

126 397 170 432 et
198 391 270 440 illi,
304 397 353 432 ut
383 405 506 444 pares
536 390 685 438 nostri,
717 404 804 430 non
835 394 1042 443 urgentur
1071 388 1127 429 ad
1158 388 1297 429 officia
1327 403 1439 443 quae
1468 403 1546 430 nos
1575 403 1661 429 non

125 465 334 506 obeuntes
380 465 699 519 periclitamur?
764 463 867 512 Quis
914 463 1026 503 enim
1074 463 1379 517 philosophum
1426 463 1702 508 sacrificare5

124 545 202 579 aut
240 539 428 579 deierare
466 544 543 579 aut
580 538 776 578 lucernas
814 537 990 577 meridie
1027 551 1164 577 uanas
1202 538 1390 591 proferre
1429 537 1658 591 conpellit?

125 611 372 661 Quinimmo
407 617 451 653 et
483 611 585 652 deos
617 616 785 651 uestros
817 610 963 664 palam
996 610 1228 651 destruunt
1261 615 1305 651 et
1336 610 1664 664 superstitiones

124 692 292 726 uestras
343 685 662 726 commentariis
713 698 886 738 quoque
936 690 1143 725 accusant
1192 684 1474 725 laudantibus
1524 684 1660 725 uobis.

125 760 322 814 Plerique
364 760 495 800 etiam
536 759 581 799 in
622 759 835 813 principes
876 758 1042 798 latrant
1082 758 1397 799 sustinentibus
1437 758 1575 807 uobis,
1620 764 1664 798 et

124 834 291 875 facilius
320 834 477 875 statuis
507 839 550 874 et
579 833 742 874 salariis
771 838 1102 873 remunerantur
1131 847 1263 887 quam
1293 833 1348 873 ad
1377 833 1538 873 bestias
1567 847 1661 887 pro-
1685 849 1728 872 10

124 908 395 948 nuntiantur.
456 907 539 948 Sed
593 908 759 947 merito.
821 907 1070 961 Philosophi
1125 908 1238 947 enim
1291 922 1377 947 non
1432 907 1663 948 Christiani

125 983 497 1037 cognominantur.
558 981 727 1022 Nomen
775 981 855 1021 hoc
901 981 1255 1035 philosophorum
1302 981 1530 1022 daemonia
1576 996 1663 1022 non

124 1055 259 1111 fugat.
323 1055 507 1104 Quidni?
572 1069 669 1095 cum
714 1055 951 1095 secundum
996 1055 1098 1095 deos
1142 1055 1385 1109 philosophi
1429 1055 1663 1096 daemonas

125 1130 349 1184 deputent.
411 1129 598 1170 Socratis
624 1144 710 1169 uox
737 1134 822 1169 est:
867 1128 909 1169 Si
935 1129 1212 1169 daemonium
1238 1130 1478 1183 permittat.
1539 1130 1662 1170 Idem

126 1210 169 1244 et
202 1218 299 1243 cum
333 1203 496 1257 aliquid
530 1203 581 1243 de
614 1203 800 1243 ueritate
833 1203 1031 1257 sapiebat
1064 1203 1166 1243 deos
1198 1218 1371 1257 negans,
1407 1204 1662 1258 Aesculapio
1685 1217 1726 1249 15

125 1284 272 1318 tamen
309 1278 593 1332 gallinaceum
631 1278 845 1332 prosecari
882 1278 969 1317 iam
1006 1277 1050 1317 in
1088 1277 1172 1317 fine
1210 1277 1401 1327 iubebat,
1443 1278 1568 1318 credo
1608 1278 1662 1318 ob

126 1353 331 1393 honorem
372 1352 508 1406 patris
550 1352 651 1400 eius,
696 1352 797 1405 quia
839 1351 1059 1391 Socratem
1101 1352 1254 1404 Apollo
1296 1352 1662 1405 sapientissimum

125 1427 319 1467 omnium
367 1426 532 1466 cecinit.
595 1425 629 1466 O
677 1425 921 1479 Apollinem
967 1425 1356 1465 inconsideratum!
1417 1425 1663 1479 Sapientiae

126 1500 424 1540 testimonium
441 1500 631 1540 reddidit
649 1500 684 1540 ei
702 1500 794 1540 uiro
812 1499 886 1553 qui
902 1499 1091 1553 negabat
1108 1499 1210 1539 deos
1228 1513 1329 1539 esse.
1376 1499 1428 1539 In
1447 1505 1661 1553 quantum

127 1575 274 1615 odium
290 1574 445 1629 flagrat
457 1575 632 1623 ueritas,
644 1574 688 1614 in
700 1579 875 1614 tantum
887 1574 959 1627 qui
973 1587 1067 1613 eam
1080 1587 1131 1613 ex
1145 1573 1229 1613 fide
1244 1578 1440 1627 praestat
1455 1574 1637 1615 offendit
1652 1588 1659 1619 ;
1682 1591 1726 1613 20

127 1649 199 1703 qui
228 1654 374 1689 autem
402 1648 622 1688 adulterat
650 1653 692 1688 et
719 1647 925 1696 adfectat,
956 1647 1036 1687 hoc
1063 1647 1251 1687 maxime
1278 1647 1451 1687 nomine
1477 1648 1662 1702 gratiam

126 1724 278 1778 pangit
303 1723 420 1777 apud
444 1723 726 1763 insectatores
752 1722 962 1762 ueritatis.
1024 1722 1163 1770 Quam
1188 1721 1396 1762 inlusores
1423 1727 1466 1762 et
1491 1736 1661 1776 corrup—

126 1802 240 1837 tores
280 1797 450 1837 inimice
493 1796 736 1850 philosophi
778 1796 1003 1836 adfectant
1044 1795 1275 1835 ueritatem
1317 1800 1361 1836 et
1401 1795 1662 1836 adfectando

128 1876 422 1925 corrumpunt,
458 1876 508 1911 ut
540 1871 613 1925 qui
645 1871 824 1925 gloriam
858 1875 1051 1924 captant,
1087 1869 1318 1910 Christiani
1351 1875 1394 1910 et
1425 1871 1662 1911 necessario

128 1951 343 2000 appetunt
365 1951 408 1986 et
427 1946 592 2000 integre
613 1950 851 1999 praestant,
874 1950 925 1985 ut
947 1944 1020 1998 qui
1041 1944 1170 1984 saluti
1192 1958 1294 1984 suae
1316 1950 1481 1985 curant.
1542 1944 1661 1985 Adeo
1683 1958 1726 1989 25

127 2034 266 2073 neque
298 2020 350 2060 de
381 2020 559 2060 scientia
590 2034 729 2073 neque
761 2019 814 2059 de
845 2018 1082 2072 disciplina,
1118 2023 1167 2058 ut
1198 2019 1376 2071 putatis,
1411 2033 1660 2072 aequamur.

129 2094 241 2142 Quid
274 2094 386 2133 enim
419 2094 572 2133 Thales
603 2094 671 2133 ille
703 2093 900 2147 princeps
932 2092 1206 2146 physicorum
1241 2092 1478 2133 sciscitanti
1510 2093 1663 2133 Croeso

128 2171 180 2211 de
204 2171 434 2211 diuinitate
459 2176 624 2210 certum
648 2169 929 2218 renuntiauit,
957 2174 1225 2209 commeatus
1248 2169 1513 2210 deliberandi
1537 2183 1663 2223 saepe

127 2248 387 2289 frustratus?
449 2249 591 2289 Deum
629 2248 811 2302 quilibet
848 2246 992 2301 opifex
1030 2246 1298 2287 Christianus
1336 2251 1380 2287 et
1414 2247 1584 2287 inuenit
1620 2252 1664 2287 et

129 2325 320 2365 ostendit
351 2330 394 2365 et
424 2325 578 2365 exinde
608 2330 752 2365 totum
784 2324 901 2378 quod
930 2324 974 2364 in
1005 2323 1133 2364 deum
1165 2323 1387 2377 quaeritur
1416 2338 1460 2364 re
1491 2337 1663 2378 quoque
1682 2340 1729 2372 30

130 2403 350 2457 aclsigiiat;
392 2403 491 2443 licet
514 2403 639 2443 Plato
664 2403 864 2443 adfirmet
886 2402 1182 2442 factitatorem
1206 2401 1501 2442 uniuersitatis
1524 2415 1664 2456 neque

129 2479 309 2519 inueniri
360 2479 529 2519 facilem
573 2485 616 2519 et
651 2479 879 2519 inuentum
924 2478 1111 2518 enarrari
1154 2478 1197 2518 in
1242 2492 1389 2518 omnes
1432 2477 1660 2518 difficilem.

129 2554 327 2596 Ceterum
366 2556 400 2596 si
437 2556 490 2596 de
522 2556 730 2610 pudicitia
762 2570 1058 2609 prouocemus,
1091 2556 1183 2610 lego
1217 2560 1383 2609 partem
1422 2555 1662 2596 sententiae

130 2632 313 2680 Atticae,
337 2633 379 2672 in
401 2632 621 2673 Socratem
642 2638 936 2687 corruptorem
957 2633 1295 2674 adolescentium
1314 2632 1659 2687 pronuntiatum.
