1827 3004
151 65 233 104 414
715 61 1116 102 TERTVLLIANI
1366 63 1426 116 [p.
1454 62 1581 104 1201.
1607 64 1686 104 3-

150 178 259 233 quocl
301 193 328 218 a
368 177 485 218 uobis
525 191 607 217 uon
639 175 806 217 colatur
835 174 1134 229 deus...utique
1165 175 1332 229 quaudo
1364 190 1412 216 ea
1434 176 1549 230 fiunt
1580 191 1685 230 quae

148 249 259 288 iram
296 247 364 287 dei
393 245 660 298 iudi-quamtis
691 243 908 285 ostendunt
938 258 1019 284 1που
1044 249 1222 298 propter
1252 259 1325 285 uos
1343 244 1458 298 fiunt
1489 260 1516 284 a
1538 244 1685 299 quibus

149 318 250 359 deus
281 317 444 363 colitur,
466 314 538 355 secl
568 313 732 355 delictis
764 319 800 354 et
828 313 992 354 meritis
1026 313 1174 354 uestris
1204 314 1468 367 inroycmtm,
1492 329 1519 355 a
1540 314 1685 368 quibus

149 388 248 428 deus
280 385 446 427 ommino
479 398 549 425 nec
580 383 800 437 quaeritm·
830 397 900 423 uec
931 383 1111 423 timetur.
1173 382 1330 423 Arnob.
1369 394 1384 422 Ι
1423 384 1446 422 2
1489 383 1686 437 efficietur

108 469 127 501 5
149 458 261 498 euim
286 454 476 510 profecto
509 453 726 494 rationum
756 453 1089 506 consequentium
1130 453 1337 506 copulatu,
1368 458 1414 493 ut
1446 467 1528 493 ‘non
1559 453 1687 507 impii

148 540 222 566 uos
252 524 391 578 v‘tnc‘zssis
421 523 493 564 sed
524 522 596 562 illi
624 522 710 575 ipsi
740 522 1014 575 reperiantur
1046 521 1239 562 criminis
1279 520 1402 561 istius
1433 521 1507 569 rei,
1541 522 1613 575 qui
1645 536 1686 563 se

150 594 370 635 numinum
386 592 642 646 profitentur
664 604 747 631 esse
776 591 951 631 cultores
981 595 1104 644 atque
1133 590 1382 631 iuueteratis
1412 590 1686 644 reliyionibus

148 663 320 705 deditos.
381 661 497 702 Lacu.
536 672 565 699 V
601 663 626 701 8
657 658 676 715 ξ
714 663 736 700 5
770 659 917 701 discite
946 660 1082 714 igitur
1112 659 1169 711 (si
1201 658 1304 713 quicl
1340 658 1456 700 uobis
1495 659 1685 714 reliquae

146 734 296 775 mentis
318 734 395 784 est)
417 731 605 772 homiues
626 730 718 771 ideo
742 730 875 771 malos
898 736 935 770 et
955 730 1133 770 iniustos
1161 743 1255 777 esse,
1277 729 1378 783 quia
1407 729 1453 769 di
1482 729 1685 778 coluntur,

87 816 128 838 10
147 810 184 845 et
217 803 309 844 ideo
349 801 466 841 mala
501 800 642 841 omnia
684 798 804 839 rebus
837 799 1035 839 humanis
1065 798 1215 839 cotidie
1256 797 1556 851 z'nyrauescere,
1585 797 1686 852 quia

147 873 248 914 deus
289 871 414 911 liuius
466 869 617 910 mundi
657 868 821 923 effector
872 874 909 909 et
952 867 1208 921 yuberuator
1252 867 1422 908 relictus
1473 872 1541 915 est,
1583 867 1684 921 quia

146 945 358 996 susceptae
388 945 486 981 suut
517 945 662 980 contra
689 953 817 993 quam
837 937 920 992 fas
949 943 1017 986 est,
1039 938 1200 992 impiae
1221 936 1456 991 reliqimws,
1472 943 1684 991 postremo

147 1012 247 1067 quia
279 1025 329 1051 'ne
361 1009 442 1051 coli
472 1008 639 1063 quidem
667 1007 735 1048 uel
765 1023 791 1047 a
818 1006 974 1061 paucis
1002 1006 1126 1047 deum
1153 1006 1304 1047 sinitis.
1365 1003 1455 1061 §11
1481 1006 1684 1048 uniuersa

145 1081 282 1135 iyitur
317 1079 447 1127 mala,
481 1077 629 1133 quibus
663 1077 897 1117 humanum
927 1090 1058 1129 glenus
1093 1090 1134 1116 se
1164 1075 1260 1130 ipsa
1297 1075 1467 1129 conficit,
1503 1076 1685 1117 iniustus

84 1158 125 1191 15
147 1156 269 1204 atque
290 1149 450 1203 impius
471 1147 644 1188 deorum
667 1146 803 1186 cultus
823 1145 993 1186 iucluoeit
1008 1160 1021 1194 ;
1053 1159 1125 1185 uec
1147 1144 1259 1185 euim
1288 1150 1484 1198 poterant
1505 1145 1684 1186 retinere

140 1220 344 1274 pietatem
376 1217 448 1272 qui
480 1230 737 1258 communem
766 1215 954 1255 onmium
980 1219 1147 1269 patrem
1183 1213 1307 1254 <teum
1336 1219 1555 1268 tamquam
1580 1229 1681 1269 pro-

146 1288 238 1342 diyz'
289 1302 338 1328 ac
384 1285 555 1327 rebelles
606 1283 729 1324 liberi
780 1283 1060 1338 abnegyassent.
1122 1283 1171 1323 cf.
1213 1280 1232 1338 ξ
1273 1284 1309 1323 8.
1384 1282 1596 1323 Maximin
1637 1283 1681 1323 in

146 1356 302 1398 Euseb.
325 1356 438 1396 Hisi.
463 1355 572 1395 Eccl.
606 1365 656 1393 IX
690 1353 712 1394 7
746 1350 785 1409 ἓξ
818 1355 956 1393 8—11
996 1351 1181 1392 ascribes
1218 1351 1495 1393 misfortunes
1531 1358 1574 1393 to
1606 1353 1681 1394 the

145 1426 309 1482 spread,
332 1424 573 1481 prosperity
596 1429 640 1464 130
670 1423 744 1464 the
767 1423 965 1463 downfall
988 1423 1034 1462 of
1064 1421 1362 1477 Christianity.
1423 1422 1576 1463 Euseb.
1599 1438 1631 1464 c.
1655 1426 1680 1463 8

81 1512 125 1534 20
143 1497 337 1538 confutes
360 1494 462 1535 him.
514 1494 627 1549 Aug.
644 1493 709 1534 De
728 1492 823 1535 Ciu.
840 1492 923 1533 Dei
945 1504 975 1532 V
999 1494 1062 1533 22.
1114 1492 1228 1533 Zeno
1251 1492 1509 1533 Veronensis
1531 1492 1680 1534 Sermo

144 1567 195 1607 de
219 1565 296 1606 Iob
318 1564 400 1617 (ed.
425 1562 643 1611 Ballerin1‚
667 1563 820 1603 Veron.
845 1561 968 1610 1739,
991 1577 1028 1617 p.
1056 1563 1156 1614 190)
1177 1562 1302 1603 scidit
1323 1562 1569 1603 uestimenta
1590 1577 1680 1611 sua,

142 1650 220 1676 που
247 1640 291 1675 ut
312 1634 386 1674 (leo
408 1633 449 1673 in
460 1632 623 1673 uidiam
634 1631 802 1687 faceret
823 1637 903 1672 cet.

230 1719 270 1759 p.
306 1704 389 1743 120
432 1702 455 1742 l.
490 1704 515 1741 4
554 1712 733 1741 INLICES
776 1700 841 1741 De
885 1699 1050 1740 Paenib.
1094 1702 1117 1741 9
1160 1700 1516 1741 conuersatiouem
1558 1700 1679 1740 mise-

146 1773 355 1816 ricordiae
384 1772 564 1812 inlicem.
627 1770 791 1812 Paulin.
815 1769 913 1810 Nol.
943 1785 1007 1825 ep.
1031 1772 1086 1811 40
1116 1771 1152 1811 9.
1176 1772 1227 1809 41
1254 1771 1291 1810 2.
1352 1784 1476 1810 carm.
1501 1770 1555 1809 24
1586 1768 1679 1810 719.

79 1855 122 1886 25
144 1846 195 1885 25
223 1845 314 1883 119.
377 1841 518 1881 Planta.
540 1840 668 1895 Apul.
692 1839 896 1880 Prudent.

230 1928 269 1968 p.
294 1913 376 1952 120
405 1911 429 1951 l.
454 1912 477 1951 5
509 1909 571 1951 Cf.
605 1911 657 1949 22
681 1909 750 1949 fin.
780 1924 819 1964 p.
849 1908 901 1949 78
935 1915 979 1950 ut
1011 1909 1191 1950 uumiua
1222 1908 1386 1964 lapides
1415 1908 1680 1950 crederentur

145 1990 187 2024 ut
209 1983 309 2023 (leus
330 1996 457 2021 uerus
478 1995 555 2020 nou
581 1985 864 2034 quaereretur.

229 2066 266 2106 p.
292 2052 374 2090 120
397 2050 421 2090 l.
447 2048 468 2089 7
494 2048 653 2088 Arnob.
677 2060 711 2088 II
735 2047 801 2089 76.
862 2049 976 2103 Aug.
998 2049 1064 2089 De
1088 2047 1183 2090 Ciu.
1205 2048 1289 2089 Dei
1311 2060 1327 2088 Ι
1351 2050 1414 2090 29.

229 2136 267 2176 p.
293 2121 375 2160 120
399 2119 440 2158 ll.
465 2119 607 2158 8—10
638 2117 811 2158 Holden
841 2133 895 2158 on
919 2117 1077 2158 Minue.
1103 2120 1155 2158 12
1177 2116 1247 2174 §2
1301 2117 1408 2158 Otto
1441 2133 1494 2158 on
1522 2117 1678 2159 Iustin.

79 2203 123 2234 30
142 2189 263 2245 Apol.
288 2200 321 2228 ΙΙ
353 2190 376 2228 5
406 2202 465 2242 pr.
529 2185 637 2228 Cels.
661 2186 706 2226 in
736 2185 851 2242 Orig.
877 2197 963 2226 VIII
992 2188 1056 2228 69.
1120 2185 1278 2226 Arnob.
1302 2197 1337 2226 ΙΙ
1366 2185 1417 2228 76
1445 2201 1507 2241 pr.
1530 2186 1675 2229 Orelli.

142 2257 296 2299 Euseb.
322 2255 436 2296 Hist.
460 2254 570 2295 Eool.
594 2266 623 2294 V
653 2256 676 2294 2
709 2252 728 2309 ξ
751 2257 785 2295 5.
847 2254 898 2295 D.
915 2254 964 2294 E.
988 2266 1017 2294 X
1048 2256 1084 2295 8.
1149 2253 1280 2295 Clem.
1304 2254 1427 2294 Alex.
1449 2253 1605 2296 Strom.
1629 2265 1676 2294 IV

141 2342 195 2368 cc.
229 2329 294 2366 11.
325 2326 376 2365 12
411 2338 479 2379 pp.
519 2325 612 2365 599.
647 2325 730 2365 600
765 2324 806 2365 Ρ.
870 2323 987 2364 Laeta.
1021 2334 1050 2362 V
1086 2325 1149 2364 22.
1213 2322 1427 2363 Gaudent.
1459 2323 1592 2363 Praef.
1622 2323 1676 2363 ad
1704 2311 1705 2314 Ἴ

142 2397 303 2437 Beneu.
325 2409 393 2449 pp.
418 2395 483 2434 46.
507 2394 572 2433 47.

228 2480 267 2520 p.
303 2465 384 2503 120
419 2462 442 2503 l.
479 2464 502 2503 9
535 2473 863 2502 REPERCVTERE
905 2476 936 2502 c.
982 2464 1033 2501 15
1068 2461 1138 2502 fin.
1200 2461 1266 2502 De
1298 2461 1446 2502 Idolol.
1486 2463 1509 2501 5
1547 2476 1585 2516 p.
1621 2463 1675 2503 34

77 2536 164 2577 351.
199 2538 250 2575 10
286 2532 408 2572 Wiss.
471 2531 536 2571 De
575 2530 719 2571 Pudic.
759 2532 780 2571 7
815 2545 854 2585 p.
889 2533 967 2571 231
1003 2531 1026 2571 l.
1061 2534 1083 2570 5
1121 2530 1242 2571 Wiss.
1275 2530 1380 2571 with
1414 2530 1604 2571 Oehler’s
1635 2545 1675 2573 n.

140 2603 270 2656 (Adu.
295 2602 500 2655 Hermog.
526 2602 576 2640 12
599 2615 639 2655 p.
664 2602 744 2641 139
768 2600 791 2640 l.
816 2602 869 2641 20
890 2600 960 2641 Kr.
1025 2600 1091 2641 De
1120 2599 1263 2640 Anim.
1293 2601 1346 2640 23
1372 2599 1442 2640 fin.
1470 2599 1513 2640 in
1542 2600 1674 2654 Hau.)

140 2672 250 2713 Adu.
275 2672 401 2713 Marc.
428 2682 441 2709 1
466 2672 489 2711 9
512 2685 572 2725 pr.
637 2669 742 2710 Plin.
767 2669 807 2710 h.
827 2685 868 2709 n.
931 2669 1112 2721 Quintil.
1667 2662 1669 2664 ’

227 2755 264 2794 p.
290 2741 372 2780 120
395 2739 421 2779 l.
444 2741 493 2778 11
518 2749 877 2786 RETORQVEBITIS
927 2738 1075 2793 (Apul.
1101 2737 1276 2778 Metam.
1300 2749 1367 2777 vu
1391 2738 1455 2777 20.
1518 2735 1672 2778 Iustin.
