1827 3004
37 116 78 157 p.
103 103 203 144 841.
234 105 300 156 14]
479 101 916 144 APOLOGETICVS
950 105 1016 153 23,
1052 105 1105 144 24
1491 103 1572 143 325

38 214 84 255 of
119 214 276 256 Christ.
340 215 542 256 Prudenb.
577 215 813 271 Peristeph.
848 216 1005 270 [where
1024 217 1068 269 ?].
1133 216 1328 256 Vincent.
1362 215 1521 269 [where
1540 215 1571 268 ?]

32 284 150 337 pulsi
172 298 192 325 e
215 283 385 325 latebris
412 298 635 338 corporum
664 284 816 326 uirtute
841 284 999 326 Christi
1018 291 1056 326 et
1076 285 1251 326 nomine.
1313 283 1572 339 Apotheosis

36 351 189 392 Iustin.
214 352 335 407 Apol.
360 364 393 392 11
417 354 453 393 6.
477 355 514 393 8.
567 352 678 393 Dial.
701 355 766 394 30.

121 435 158 475 p.
182 422 235 460 82
268 420 307 460 ll.
332 422 500 460 24-28
533 421 789 461 Biinernann
812 436 865 462 on
888 421 1003 462 Lact.
1027 421 1126 462 Diu.
1150 420 1276 462 Insbb.
1302 432 1333 460 ΙΙ
1360 423 1411 461 15
1434 418 1453 476 ἓ
1474 422 1509 461 3.

123 504 160 543 p.
185 491 238 529 82
272 490 294 530 l.
319 491 371 530 26
404 500 611 529 AFFLATV
674 489 741 531 On
774 490 1047 531 exsufflation
1079 505 1149 531 see
1181 489 1397 545 Bingham
1431 501 1461 529 Χ
1489 491 1512 529 2
1543 492 1609 532 85

34 573 70 598 n.
91 558 154 599 72.
200 559 338 614 Pusey
361 559 398 599 h.
418 559 440 599 l.
483 559 633 600 Julian
656 559 699 599 in
723 560 904 601 Hermes
928 572 976 600 IX
999 560 1152 612 (1875)
1175 559 1256 601 257
1276 560 1315 601 ff.
1335 559 1357 600 l.
1374 562 1427 600 35
1451 561 1563 612 (new

34 632 162 672 letter
183 647 233 672 on
260 633 333 673 the
356 633 414 688 bp
437 633 670 689 Pegasius).

120 716 156 757 p.
180 704 233 742 82
268 702 289 742 l.
314 704 368 743 30
401 714 625 743 HONOREM
667 703 782 744 Lact.
826 703 924 744 Diu.
968 703 1094 744 Inst‘c.
1138 715 1171 743 11
1215 706 1266 744 15
1309 701 1328 759 ξ
1369 705 1393 743 3
1440 703 1569 744 iustos

31 777 180 820 autem,
213 771 260 812 id
293 778 351 813 est
385 773 560 814 cultores
598 773 687 821 Dei,
720 779 916 821 metuunt,
949 773 1066 814 cuius
1099 773 1263 814 nomine
1293 773 1489 814 adiurati
1519 772 1568 813 de

30 839 269 893 corporibus
300 841 508 889 eoecedunt,
536 857 712 896 quorum
747 842 880 883 uerbis
916 848 1132 897 tamquam
1154 843 1315 897 flayris
1349 842 1565 889 uerberati,
1589 860 1629 882 10

31 923 107 949 non
145 910 262 951 modo
294 909 521 952 duenzonus
556 926 640 953 6336
674 927 716 953 36
748 912 1004 966 confitentur,
1031 912 1102 953 secl
1134 913 1262 953 etium
1287 913 1461 953 nomina
1488 926 1563 953 suu

7 978 165 1025 edunt,
198 979 286 1028 illa,
318 995 422 1034 quae
452 980 495 1020 in
529 981 694 1034 templis
730 981 977 1029 adorantur,
1009 981 1119 1036 quod
1148 982 1394 1036 plerumque
1425 996 1564 1022 coram

28 1047 252 1088 cultoribus
280 1049 368 1088 suis
383 1048 570 1102 fuciunt,
594 1064 674 1089 non.
705 1050 842 1104 utique
872 1050 914 1090 in
943 1050 1215 1105 opprobrium
1245 1051 1472 1104 relissionis,
1494 1050 1564 1091 secl

28 1115 197 1157 honoris
218 1117 294 1165 sui,
310 1118 409 1172 quiu
432 1132 501 1159 nec
523 1118 609 1159 Deo
624 1133 706 1172 per
727 1134 845 1173 quent
867 1119 1137 1169 adiuruntur,
1151 1134 1222 1161 nec
1243 1120 1366 1161 iustis
1387 1135 1563 1174 quorum

34 1200 125 1226 uoce
152 1192 405 1240 torquentur,
428 1188 598 1228 mentiri
615 1195 797 1242 possunt.
850 1189 989 1243 itaque
1015 1190 1216 1230 ‘niuoeimis
1241 1204 1363 1244 saepe
1388 1189 1563 1230 vululati-
1585 1202 1625 1232 15

27 1252 101 1295 bus
121 1255 245 1296 editis
269 1255 484 1296 uerberari
503 1270 544 1297 36
566 1262 602 1297 et
624 1256 773 1298 ardere
794 1263 831 1298 et
852 1257 941 1298 ium
962 1258 1130 1312 iamque
1151 1259 1264 1300 eoeire
1283 1259 1560 1312 proclamant.

114 1338 150 1378 p.
170 1326 223 1364 82
246 1325 269 1365 l.
288 1326 341 1366 36
364 1336 488 1373 QVOD
510 1337 647 1366 SCIAM
670 1325 764 1367 infr.
787 1341 817 1367 c.
838 1329 890 1368 25
913 1342 950 1382 p.
970 1330 1023 1367 88
1047 1328 1151 1369 1.14.
1194 1328 1247 1368 ad
1265 1334 1351 1369 nat.
1370 1339 1385 1367 1
1405 1327 1427 1368 7
1451 1342 1489 1383 p.
1508 1328 1561 1368 69

25 1391 47 1431 l.
66 1393 117 1432 16
143 1392 264 1433 Wiss.
280 1393 388 1447 quod
408 1408 437 1434 3.
460 1400 496 1435 et
518 1395 774 1436 conuersatio
799 1395 933 1436 notior
943 1396 1071 1451 facta
1085 1402 1152 1438 est.
1198 1399 1223 1437 8
1240 1397 1309 1438 fin.
1326 1396 1397 1437 ubi
1409 1396 1555 1437 saltem

25 1461 238 1515 Aeyyptz‘i,
260 1468 297 1503 et
318 1462 413 1516 ipsi,
435 1477 468 1517 q.
486 1478 527 1511 3.,
538 1464 741 1518 priuatae
763 1465 1029 1520 curiosaeque
1050 1466 1277 1520 relisjionis.
1341 1466 1409 1506 Ad
1434 1465 1558 1506 onr.

26 1540 58 1569 11
83 1531 108 1570 3
130 1545 164 1570 a.
191 1545 239 1571 m.
264 1546 297 1585 q.
313 1546 341 1572 3.
367 1547 446 1573 non
466 1547 611 1574 sumus
632 1534 776 1583 nostri,
797 1534 868 1576 sed
883 1535 1023 1589 pretio
1045 1536 1184 1590 empti.
1580 1548 1623 1570 20

649 1697 754 1739 CAP.
788 1698 940 1739 XXIV

112 1819 148 1859 p.
182 1806 236 1845 84
269 1805 294 1846 l.
326 1808 350 1846 6
383 1817 690 1848 MANOIPAMVR
722 1822 754 1848 c.
783 1810 832 1848 21
868 1823 928 1864 pr.
960 1824 998 1864 p.
1022 1810 1075 1850 66
1109 1809 1132 1850 l.
1166 1811 1218 1849 22
1250 1810 1289 1850 si
1320 1809 1451 1851 eidem
1483 1809 1556 1851 deo

23 1873 375 1927 munoipurenzur.
437 1874 502 1915 De
535 1875 681 1916 Idolol.
713 1878 733 1915 1
758 1876 827 1917 fin.
890 1877 1000 1918 Iren.
1025 1889 1039 1917 Ι
1063 1880 1117 1919 39
1147 1877 1165 1932 ξ
1187 1880 1213 1918 4
1238 1878 1374 1932 [more
1397 1893 1488 1918 exx.
1511 1878 1555 1919 in

25 1940 167 1996 Study
189 1942 235 1982 of
250 1942 569 1984 Ambrosiaster
589 1959 626 2000 p.
654 1945 746 1986 117.
798 1945 925 2000 A.S.].

111 2021 285 2050 CRIMEN
318 2022 488 2052 LAESAE
515 2019 594 2054 eet.
657 2012 808 2055 Celsus
830 2014 892 2056 ed.
917 2015 1045 2056 Keim
1067 2031 1108 2070 p.
1135 2018 1169 2056 1.

110 2093 147 2132 p.
181 2080 235 2118 84
272 2079 311 2120 ll.
346 2080 456 2121 7-9
495 2093 580 2122 PRO
613 2094 756 2123 CERTO
793 2083 885 2124 Ter.
918 2084 999 2125 Ad.
1031 2085 1125 2126 478.
1198 2084 1316 2127 Caes.
1350 2085 1455 2127 BG.
1488 2097 1617 2134 V1125

24 2149 47 2187 5
69 2146 88 2202 ἓ
110 2149 133 2188 6
162 2162 241 2201 pro
265 2155 370 2190 certo
390 2164 474 2191 esse
491 2152 820 2205 proponendum.
881 2153 966 2194 Cic.
990 2153 1090 2194 Sall.
1114 2153 1206 2194 Liu.
1230 2153 1410 2205 Quintil.
1435 2153 1554 2195 Suet.

23 2214 155 2257 Clem.
181 2215 361 2271 Recogn.
395 2229 409 2257 Ι
435 2222 488 2259 64
509 2234 569 2273 pr.
596 2235 639 2274 p.
663 2235 693 2262 c.
717 2222 994 2275 comperimus
1025 2222 1143 2276 quod.
1178 2234 1230 2262 ΙΙΙ
1254 2224 1278 2263 9
1308 2237 1350 2276 p.
1374 2237 1403 2263 6.
1429 2223 1553 2264 nesci-

22 2284 112 2325 erit.
135 2296 175 2325 V.
199 2286 251 2325 :35
271 2286 296 2326 f.

110 2368 146 2407 p.
190 2355 244 2393 84
287 2354 310 2393 l.
356 2356 408 2395 10
455 2355 566 2396 Plut.
610 2371 709 2397 mor.
754 2368 779 2398 Ι.
841 2357 926 2411 [De
968 2358 1299 2413 Superstitione,
1346 2359 1408 2400 ed.
1454 2359 1554 2400 Ber-

22 2420 233 2469 nardakis,
258 2432 271 2461 Ι
294 2423 376 2462 402
399 2422 440 2463 ff.
468 2424 500 2476 ἲ]
1578 2457 1617 2485 30

108 2504 146 2544 p.
179 2491 234 2529 84
266 2489 289 2530 l.
325 2492 375 2530 12
415 2502 820 2534 IRRELIGIOSITATIS
860 2495 971 2549 Aug.
1008 2494 1074 2535 De
1109 2494 1224 2537 Cura
1260 2510 1335 2551 pro
1373 2482 1583 2536 Mortuis*

24 2560 76 2599 10
107 2560 174 2610 (VI
208 2558 312 2599 877b
343 2559 539 2612 Gaume).
601 2561 709 2602 Iren.
744 2574 776 2602 ΙΙ
812 2565 875 2604 14.
900 2565 922 2602 2
954 2563 1062 2615 (Hil.
1086 2564 1169 2604 and
1202 2564 1316 2606 Salu.
1341 2565 1383 2605 in
1417 2565 1553 2607 lox-x).

23 2627 122 2680 [add
145 2627 256 2682 Aug.
280 2627 325 2669 C.
350 2628 401 2670 D.
425 2640 472 2669 IV
496 2632 559 2671 12.
612 2630 727 2684 A.S.]

109 2711 146 2751 p.
170 2700 224 2736 84
249 2696 272 2737 l.
298 2698 350 2737 13
374 2708 431 2738 VT
453 2713 485 2738 o.
509 2700 561 2739 35
585 2714 679 2753 p.m.

108 2780 145 2820 p.
173 2767 228 2805 84
261 2765 283 2806 l.
313 2768 366 2806 14
394 2778 709 2808 SVBLIMIOREM
739 2783 770 2809 c.
800 2771 848 2809 11
875 2783 934 2824 pr.
961 2770 1002 2810 in
1027 2770 1185 2825 primis
1207 2770 1372 2825 quidem
1398 2785 1554 2812 necesse
1573 2788 1616 2819 35
