1827 3004
158 134 199 175 p.
224 123 276 162 24
299 122 326 163 1.
351 123 421 175 27]
679 122 1117 164 APOLOGETIOVS
1150 124 1172 163 7
1618 123 1696 161 189

157 235 432 276 concussione
453 236 501 276 of
525 235 609 291 dig.
627 255 662 270 =
681 235 781 290 περὶ
804 235 1076 287 διασεισμῶν
1099 235 1145 275 of
1163 234 1348 275 Basilica
1368 233 1453 274 and
1477 233 1695 289 Egyptian

158 303 338 358 papyri).

246 383 489 413 DOMESTICI
511 372 565 413 ad
588 380 674 414 nat.
695 376 714 413 1
743 373 764 414 7
790 388 828 428 p.
853 376 906 413 (58
926 375 979 413 28
997 388 1055 428 sq.
1075 373 1200 414 Wiss.
1218 373 1538 414 domesticorum
1560 372 1695 413 eurio—

159 441 434 496 sitasfuratd
462 447 521 482 est
542 456 623 496 per
652 442 835 482 ¹rimulas
863 448 900 483 et
928 457 1144 484 cauernas.
1206 441 1339 496 qaid?
1369 456 1462 482 oum
1484 441 1699 482 domestici

159 523 249 550 eros
270 510 385 551 uobis
402 510 660 565 proderent?
720 511 935 565 Athenag.
959 511 1096 566 suppl.
1121 512 1174 551 35
1197 510 1311 551 cited
1334 510 1479 551 below.
1537 509 1696 551 Oehler
1715 528 1734 558 5

161 580 242 619 319
265 585 271 598 ‘
290 578 462 620 seruus]
525 579 662 620 Blunt
685 578 823 634 Right
846 579 935 620 Use
959 580 1140 620 377—8.

246 662 284 703 p.
309 650 362 688 24
384 648 408 689 l.
433 648 483 689 27
508 659 799 689 OPPRIMIMVR
831 654 911 689 cet.
945 648 1159 703 Binghani
1194 660 1259 688 XX
1294 650 1316 688 2
1342 650 1366 688 8
1388 647 1458 688 fin.
1492 648 1592 688 Eus.
1618 659 1647 688 V
1672 650 1692 687 1

158 716 177 772 ξ
210 719 263 757 14
294 723 497 772 (martyrs
531 718 578 757 of
606 717 748 772 Lyons
779 717 863 758 and
896 717 1083 769 Viennc)
1118 717 1510 770 συνελαμβάνοντο
1545 716 1589 758 δὲ
1623 717 1696 758 καὶ

160 785 325 828 ἐθνικοί
353 804 466 831 τινες
499 786 663 829 οἰκέται
696 789 782 828 τῶν
814 786 1044 840 ἡμετέρων,
1071 787 1165 828 ἐπεὶ
1195 785 1385 844 δημοσία
1415 785 1646 828 ἐκέλευσεν
1675 784 1696 828 ὁ

160 856 328 909 ἡγεμὼν
362 855 673 908 α’ναζητεῖσθαι
707 857 881 901 πάντας
916 857 1045 908 ἡμᾶς·
1090 855 1132 896 οἳ
1163 856 1236 897 καὶ
1271 855 1366 897 κατ’
1405 855 1580 911 ἐνέδραν
1617 859 1696 898 τοῦ
1717 875 1759 897 10

160 926 348 973 Σατανᾶ,
386 925 653 980 φοβηθέντες
695 924 769 969 τὰς
806 925 1034 973 βασάνους
1077 924 1127 970 ιῖς
1169 924 1269 969 τοὺς
1310 923 1458 978 ἁγίους
1501 924 1698 976 ἔβλεπον

159 994 436 1050 πάσχοντας,
468 996 555 1036 τῶν
587 997 875 1046 στρατιωτῶν
907 994 979 1036 ἐπὶ
1014 996 1144 1035 τοῦτο
1180 993 1509 1049 παρορμώντων
1540 993 1698 1039 αὐτοὺς

160 1061 501 1117 κατεψεύσαντο
533 1063 654 1115 ἡμῶν
687 1062 908 1104 Θυέστεια
939 1062 1091 1104 δεῖπνα
1121 1062 1193 1104 καὶ
1227 1061 1530 1106 Οἰδιποδείους
1560 1061 1699 1115 μίξεις

160 1131 234 1172 καὶ
256 1131 340 1173 ὅσα
360 1130 468 1183 μήτε
489 1134 647 1173 λαλεῖν
666 1131 777 1185 μήτε
799 1135 910 1173 νοεῖν
929 1130 1049 1184 θέμις
1067 1132 1179 1183 ἡμῖν,
1195 1128 1316 1171 ἀλλὰ
1332 1130 1442 1183 μηδὲ
1459 1130 1699 1178 πιστεύειν,

160 1201 199 1241 εἴ
229 1217 270 1241 τι
303 1202 473 1241 τοιοῦτο
504 1200 686 1241 πώποτε
718 1199 839 1256 παρὰ
874 1198 1124 1253 ἀνθρώποις
1156 1198 1338 1252 ἐγένετο.
1401 1197 1420 1255 ἓ
1447 1202 1498 1239 15
1532 1198 1698 1241 τούτων
1719 1217 1759 1248 15

161 1268 203 1310 δὲ
235 1268 545 1322 φημισθέντων
576 1266 736 1312 πάντες
769 1267 1145 1324 ἀπεθηριώθησαν
1177 1268 1235 1312 εἰς
1265 1269 1388 1320 ἡμᾶς,
1415 1266 1529 1310 ὥστε
1558 1269 1631 1310 καὶ
1661 1270 1701 1310 εἴ

162 1354 272 1381 τινες
315 1336 364 1379 τὸ
405 1336 621 1393 πρότερον
663 1336 718 1378 δι’
761 1336 1007 1388 οἰκειότητα
1051 1337 1311 1391 ἐμετρίαζον,
1355 1335 1454 1378 τότε
1494 1338 1698 1390 μενγάλως

162 1405 462 1462 ἐχαλέπαινον
494 1406 569 1447 καὶ
598 1404 845 1462 διεπρίοντο
875 1404 977 1446 καθ’
1008 1406 1142 1458 ἡμῶν.
1205 1405 1421 1460 Athen-ag.
1444 1407 1497 1446 35
1528 1405 1594 1449 τίς
1623 1407 1698 1447 οὖν

162 1475 207 1517 εὖ
240 1477 409 1529 φρονῶν
441 1477 557 1517 εἴποι
589 1474 809 1519 τοιούτους
842 1475 970 1519 ὄντας
1002 1475 1112 1527 ἡμᾶς
1145 1473 1437 1529 ἀνδροφόνους
1469 1473 1603 1523 εἶναι;
1649 1477 1697 1518 οὐ

161 1543 245 1599 γὰρ
264 1543 361 1586 ἔστι
378 1545 616 1585 πάσασθαι
633 1546 769 1599 κρεῶν
787 1543 1078 1597 α’νθρωπικῶν
1094 1542 1153 1596 μὴ
1172 1541 1387 1598 πρότερον
1409 1541 1699 1586 ἀποκτείνασί
1717 1565 1760 1586 20

162 1631 271 1655 τινα.
335 1613 383 1655 τὸ
417 1613 630 1669 πρότερον
665 1613 739 1655 οὖν
771 1611 1051 1668 ψευδόμενοι,
1085 1612 1133 1654 τὸ
1169 1611 1369 1667 δεύτερον
1405 1613 1486 1654 κᾶν
1518 1615 1595 1666 μέν
1633 1631 1698 1658 τις

161 1681 320 1727 αὐτοὺς
352 1681 503 1737 ἔρηται
536 1682 574 1723 εἰ
604 1682 853 1737 ἑωράκασιν
886 1680 912 1722 ἃ
943 1682 1164 1734 λέγουσιν,
1190 1680 1328 1725 οὐδεὶς
1361 1681 1497 1726 οὕτως
1529 1682 1696 1738 απηρυ-

164 1750 422 1804 θριασμένος
451 1751 507 1795 ὡς
536 1750 673 1792 εἰπεῖν
702 1750 820 1792 ἰδεῖν.
885 1749 1029 1791 καίτοι
1058 1751 1132 1791 καὶ
1161 1748 1315 1791 δοῦλοί
1338 1750 1449 1791 εἰσιν
1476 1751 1586 1802 ἡμῖν,
1608 1754 1697 1795 τοῖς

161 1819 238 1872 μὲν
266 1820 338 1860 καὶ
367 1818 546 1864 πλείους
578 1822 668 1864 τοῖς
701 1818 746 1860 δὲ
772 1818 995 1867 ἐλάττους,
1019 1819 1089 1862 οὓς
1113 1818 1192 1859 οὐκ
1221 1816 1318 1859 ἔστι
1346 1818 1513 1859 λαθεῖν.
1577 1817 1697 1859 ἀλλὰ

162 1890 236 1929 καὶ
259 1888 424 1929 τούτων
446 1887 583 1932 οὐδεὶς
605 1887 706 1930 καθ’
736 1888 857 1940 ἡμῶν
883 1886 937 1928 τὰ
963 1889 1212 1937 τηλικαῦτα
1242 1885 1338 1927 οὐδὲ
1368 1886 1694 1941 κατεψεύσατο.
1715 1907 1758 1939 25

163 1958 233 2001 οὓς
254 1956 338 2013 γὰρ
363 1959 513 1999 ἴσασιν
537 1956 622 1999 οὐδ’
647 1956 751 1999 ἰδεῖν
774 1957 855 1998 κᾶν
877 1956 1054 2000 δικαίως
1077 1954 1366 2011 φονευόμενον
1389 1955 1697 2008 ὑπομένοντας,

162 2028 329 2068 τούτων
351 2026 415 2072 τίς
433 2026 486 2068 ἂν
504 2028 704 2069 κατείποι
726 2026 752 2079 ἢ
771 2026 1060 2081 ἀνδροφονίαν
1078 2025 1103 2077 ἢ
1122 2023 1517 2078 ιῖνθρωποβορίαν;
1541 2025 1695 2066 Iustin.

162 2096 268 2151 apol.
302 2107 336 2136 ΙΙ
370 2098 422 2136 12
460 2111 555 2151 says
588 2095 687 2136 that
720 2095 857 2136 slaves
890 2095 975 2135 and
1009 2094 1201 2135 children
1235 2093 1319 2133 and
1353 2108 1529 2142 women,
1561 2094 1698 2136 under

163 2172 340 2214 torture,
362 2165 580 2206 confessed
603 2165 724 2206 these
746 2165 910 2206 crimes.
972 2164 1025 2204 ad
1047 2169 1133 2204 nat.
1159 2175 1173 2203 1
1198 2164 1219 2204 7
1244 2178 1282 2218 p.
1303 2165 1356 2204 69
1382 2165 1434 2203 18
1458 2163 1581 2204 Wiss.
1604 2165 1698 2218 qais

166 2250 364 2290 umquam
386 2240 526 2276 tamen
546 2250 697 2276 semeso
726 2234 932 2277 cadaueri
958 2233 1232 2288 superuenit?
1292 2233 1385 2286 quis
1412 2233 1456 2272 in
1484 2239 1696 2275 cruentato
1715 2255 1760 2286 30

155 2319 269 2359 pane
295 2304 490 2358 stcestiqia
530 2305 719 2346 dentium
759 2303 1061 2359 deprehendit?
1128 2304 1222 2357 quis
1263 2301 1440 2343 tenebris
1484 2304 1696 2356 repentino

164 2374 319 2415 lumine
358 2374 546 2428 inruptis
585 2374 793 2414 inmmzda
834 2373 992 2427 aliqua,
1028 2386 1075 2413 ne
1116 2371 1298 2412 diaeerim
1332 2371 1500 2420 incesta,
1534 2371 1699 2414 indicia

163 2442 430 2496 recoynouit?
491 2442 515 2482 l.
544 2444 595 2483 16
622 2456 707 2497 seq.
739 2441 848 2496 quod
880 2441 1024 2488 sciam,
1055 2445 1093 2481 et
1125 2439 1383 2481 conuersatio
1415 2440 1551 2481 notior
1571 2440 1698 2495 sacta

164 2517 242 2561 est;
274 2511 388 2552 scitis
410 2517 446 2552 et
468 2511 557 2553 dies
585 2516 860 2552 comcentuzcm
890 2515 1147 2557 nostrorzwm
1179 2509 1319 2563 itaque
1343 2514 1381 2550 et
1402 2507 1639 2550 obsidemur
1660 2516 1697 2551 et

164 2580 459 2635 opprimimur,
490 2585 527 2620 et
556 2580 602 2620 in
632 2580 738 2634 ipsis
770 2578 943 2620 (cremiis
973 2576 1359 2631 eonyreyutionibus
1391 2577 1690 2619 detinemur...
1715 2596 1758 2628 35

166 2651 217 2689 22
253 2651 305 2689 23
339 2648 452 2689 cited
485 2648 631 2689 below.
692 2647 851 2688 Minue.
884 2649 908 2688 9
941 2644 960 2701 ξ
989 2649 1012 2686 5
1051 2645 1155 2686 with
1188 2645 1262 2685 the
1294 2646 1414 2701 reply
1449 2648 1503 2686 28
1533 2644 1572 2702 ἐξ
1601 2649 1624 2687 2
1659 2650 1695 2688 5.

163 2731 195 2758 c.
228 2718 294 2758 30.

251 2800 288 2841 p.
321 2787 374 2826 24
403 2785 427 2826 l.
459 2786 510 2826 27
535 2785 576 2827 ff.
603 2784 760 2825 Minue.
786 2786 838 2824 28
867 2782 932 2839 §2
956 2782 1210 2832 Christians,
1240 2782 1366 2824 while
1393 2791 1468 2839 yet,
1497 2784 1698 2833 heathen‚
