1827 3004
175 69 257 108 240
741 65 1141 106 TERTVLLIANI
1394 67 1451 120 [p.
1475 69 1528 108 48
1549 67 1576 108 1.
1601 68 1711 108 27—-

174 194 370 234 queroam
391 185 428 220 et
455 193 600 220 canem
622 184 658 220 et
684 178 848 220 bircam
869 178 996 220 iurat.
1057 178 1168 233 Aug.
1191 186 1322 220 contr.
1346 179 1491 220 Fausi.
1515 191 1584 220 XII
1606 181 1661 221 40
1685 180 1709 221 f.

172 263 221 289 ea
245 248 381 289 rident
408 248 455 288 in
482 247 657 288 theatris
685 262 790 302 qaae
818 254 1076 288 uenerantur
1103 248 1149 288 in
1177 249 1355 303 templis,
1375 249 1421 289 in
1449 249 1712 303 tarpitadine

174 318 351 358 nimiam
374 316 507 365 liberi,
527 317 573 356 in
593 316 883 371 superstitione
912 317 1091 357 nimiam
1118 318 1241 358 serai.
1303 317 1420 359 Lact.
1444 317 1543 359 Diu.
1565 318 1671 359 Insb.
1695 329 1711 358 Ι

175 389 227 428 19
259 384 324 442 §3
354 386 511 427 elamat
542 400 732 427 sammas
756 387 1269 440 poeta...ipsam...illam
1296 394 1551 442 repertorem
1579 389 1710 430 medi-

133 475 152 505 5
173 456 290 497 cinae
331 455 431 496 talis
471 460 507 496 et
543 455 651 495 artis
692 454 749 495 ad
790 454 962 509 Styyias
1002 455 1140 496 undas
1170 455 1358 510 fulmine
1399 456 1625 506 detrasam,
1667 463 1712 498 ‘at

173 524 465 578 intelleyamas
497 529 701 577 qaantam
735 523 879 565 ualeat
907 529 1036 578 pater
1067 525 1335 579 omnipotens,
1356 526 1428 580 qai
1458 527 1587 566 etiam
1615 526 1711 568 deos

161 593 423 648 fulminibus
458 593 706 647 exstinyaat.
768 591 834 648 §4
867 594 938 645 sed
971 594 1156 635 homines
1191 594 1397 648 insseaiosi
1431 595 1539 636 hanc
1574 610 1710 637 secam

172 662 373 703 habebant
407 661 597 717 fortasse
632 661 864 703 rationem:
908 663 1009 716 qaia
1042 663 1144 704 deas
1178 663 1422 718 falminari
1453 679 1531 705 ‘non
1567 670 1710 718 potest,

173 737 352 786 apparet
385 746 465 772 non
498 745 580 772 esse
600 730 797 786 factam:
829 731 956 772 immo
987 746 1084 772 aero
1113 733 1215 786 qaia
1234 732 1407 787 factam
1434 740 1502 782 est,
1532 740 1712 788 apparet

111 822 154 844 10
173 801 380 842 hominem
414 799 568 855 faisse,
601 815 683 840 non
719 800 852 841 deam.
920 801 967 842 cf.
1005 801 1129 856 Verg.
1166 801 1272 842 Aen.
1310 813 1378 842 VII
1417 802 1586 843 772—:3
1621 802 1710 857 ipse

173 877 425 926 repertorem
466 870 699 911 medicinae
746 870 848 911 talis
895 877 931 911 et
979 871 1087 912 artis
1130 870 1134 926 Ι
1172 870 1361 925 falmine
1400 872 1711 927 Plioebiyenam

173 941 345 996 Stypias
376 940 553 982 detrusit
583 940 629 980 in
659 940 797 981 undas
838 940 905 993 (cf.
931 940 1189 993 765—771).

259 1027 297 1067 p.
335 1013 389 1052 48
432 1010 455 1052 l.
495 1013 548 1051 28
596 1021 801 1051 ERRORES
844 1025 918 1066 eg.
959 1012 1005 1051 of
1041 1010 1182 1059 Ceres,
1228 1010 1361 1053 Clem.
1409 1011 1529 1052 Alex,
1575 1011 1709 1052 Protr.

172 1080 190 1135 ξ
220 1083 284 1121 12.
317 1096 354 1136 p.
390 1082 442 1119 12
477 1080 519 1120 P.
582 1078 774 1132 [Iustin]
807 1078 878 1120 Or.
910 1079 963 1119 ad
997 1079 1155 1120 Gentil.
1190 1081 1213 1119 2
1246 1094 1284 1134 p.
1317 1082 1399 1121 380.
1462 1079 1620 1120 Minue.
1656 1082 1705 1119 21

111 1148 190 1205 15·§
222 1151 257 1190 9.

260 1233 298 1273 p.
322 1219 377 1258 48
400 1218 425 1258 l.
450 1219 502 1258 29
529 1228 832 1257 PRAEFENTVR
854 1232 886 1258 o.
912 1220 964 1258 18
986 1233 1024 1273 p.
1048 1220 1101 1258 58
1125 1218 1148 1259 l.
1170 1217 1220 1258 17
1242 1218 1468 1273 prophetae
1500 1218 1550 1259 de
1578 1218 1710 1272 officio

167 1287 415 1342 praefandi.

259 1371 297 1411 p.
321 1358 375 1396 48
400 1356 422 1396 l.
446 1358 501 1397 30
530 1367 578 1396 IN
607 1366 939 1396 CONTVMELIAM
963 1367 1154 1397 DEORVM
1172 1358 1203 1409 )(
1219 1357 1263 1397 in
1285 1357 1489 1398 honorem.
1552 1356 1641 1398 Liv.
1664 1357 1708 1398 in

172 1425 280 1466 lexx.
340 1425 435 1466 Tac.
474 1424 590 1466 Hist.
624 1436 653 1464 V
690 1428 715 1465 4
749 1425 794 1465 in
831 1440 860 1466 o.
894 1425 1163 1467 Hammonis.
1228 1426 1334 1467 Plin.
1374 1427 1474 1467 Pan.
1515 1429 1564 1466 11
1602 1427 1645 1467 in
1679 1442 1707 1468 o.

108 1512 152 1533 20
173 1496 402 1536 numinum.

258 1579 296 1619 p.
321 1566 375 1604 48
398 1564 422 1604 1.
447 1566 498 1604 31
525 1573 693 1603 CANEM.
737 1561 786 1614 νὴ
805 1561 879 1603 τὸν
902 1561 1021 1603 κύνα.
1062 1563 1284 1619 Theophil.
1304 1576 1357 1604 111
1377 1566 1400 1604 2
1423 1579 1460 1619 p.
1482 1562 1585 1604 117‘1
1609 1567 1710 1605 118a

172 1633 214 1675 τί
237 1631 768 1689 ὠφέλησεν...Σωκρ(ι’την
797 1630 846 1672 τὸ
874 1630 1048 1683 ὀμνύειν
1074 1631 1148 1673 τὸν
1170 1631 1278 1673 κύνα
1307 1633 1378 1673 καὶ
1400 1632 1474 1674 τὸν
1497 1636 1612 1688 χῆνα
1635 1633 1708 1675 καὶ

173 1701 251 1754 τὴν
272 1702 502 1743 πλάτανον
521 1718 533 1748 ;
568 1700 727 1756 Spanh.
746 1715 799 1741 on
821 1699 1039 1756 Aristoph.
1056 1701 1171 1742 Nub.
1188 1701 1280 1743 627.
1327 1701 1442 1742 Laot.
1466 1713 1519 1742 ΙΙΙ
1544 1704 1597 1743 20
1618 1700 1637 1757 ξ
1656 1704 1707 1743 15

175 1788 320 1814 aeram
360 1772 472 1813 idem
522 1786 602 1826 per
642 1786 786 1812 canem
827 1776 863 1811 et
911 1785 1101 1812 anserem
1142 1771 1367 1813 deierabat.
1440 1787 1461 1813 o
1502 1772 1709 1813 hominem

109 1859 151 1890 25
171 1856 364 1882 soarram
387 1842 451 1893 (at
473 1841 535 1881 ait
556 1840 664 1881 Zeno
687 1840 945 1894 Epicureas)
966 1840 1164 1894 ineptam,
1180 1841 1408 1895 perditam,
1430 1841 1708 1895 desperatam,

171 1911 209 1951 si
238 1910 444 1952 oaaittari
470 1909 607 1950 aolait
636 1908 909 1962 religlioaem,·
941 1908 1178 1956 dementem,
1210 1909 1249 1949 si
1278 1909 1352 1950 lcoo
1383 1909 1490 1950 serio
1510 1907 1630 1963 fecit,
1663 1913 1709 1949 at

172 1979 335 2019 animat
372 1978 661 2032 turpissimam
698 1992 779 2032 pro
816 1976 889 2018 deo
924 1976 1100 2018 liaberet.
1174 1977 1267 2033 §16
1313 1978 1405 2032 qais
1440 1978 1531 2018 iam
1565 1992 1708 2032 saper-

171 2048 357 2089 stitiones
412 2047 724 2102 Aeyyptioram
782 2046 938 2086 audeat
995 2046 1304 2100 reprehendere,
1356 2062 1462 2101 qaas
1518 2047 1709 2088 Socrates

172 2117 350 2159 Athenis
381 2117 630 2158 anctoritate
661 2115 930 2169 oowfirmaait
960 2118 1071 2157 saa?
1132 2116 1315 2157 Lasaulx
1346 2116 1531 2157 Studien
1562 2131 1599 2171 p.
1626 2118 1704 2156 201

110 2207 153 2238 30
172 2201 210 2227 n.
247 2189 339 2227 119.
402 2185 524 2240 Diog.
560 2184 702 2225 Laerb.
739 2194 808 2223 VII
844 2181 863 2239 ξ
895 2186 959 2224 32.
995 2185 1207 2239 platanus.
1270 2184 1441 2239 Prooop.
1480 2185 1555 2239 Ep.
1595 2186 1648 2225 63
1682 2184 1707 2225 f.

172 2256 229 2310 (p.
268 2258 349 2296 555
388 2258 407 2295 1
449 2254 672 2305 Hereher).
734 2251 897 2292 Luci-an
931 2253 1017 2294 Vit.
1056 2254 1182 2294 Aust.
1218 2257 1268 2295 16
1302 2253 1405 2309 (dog
1434 2253 1518 2294 ancl
1550 2254 1707 2308 plane).

173 2324 480 2379 Icaromenipp.
506 2326 529 2365 9
553 2338 612 2378 pr.
635 2322 760 2378 (dogs
782 2324 867 2365 and
889 2338 1014 2379 geese
1036 2323 1120 2364 and
1145 2324 1336 2378 planes):
1369 2338 1485 2364 same
1516 2323 1636 2363 three
1662 2322 1707 2362 111

174 2393 370 2434 Philostr.
408 2393 547 2447 Apoll.
586 2403 635 2432 VI
675 2394 727 2433 19
766 2394 814 2434 6:
856 2398 957 2448 goat
994 2407 1049 2432 an
1092 2391 1311 2448 Egyptian
1351 2392 1434 2447 god
1467 2391 1708 2432 Theodorei

173 2462 317 2503 Graec.
341 2462 423 2503 Aff.
448 2461 546 2504 Cur.
571 2472 625 2501 ΙΙΙ
653 2459 672 2516 ξ
694 2463 747 2502 85
776 2476 814 2517 p.
841 2464 891 2502 51
923 2463 989 2503 36.
1052 2461 1254 2516 Porphyr.
1278 2461 1344 2502 De
1375 2461 1497 2502 Abst.
1521 2472 1575 2501 ΙΙΙ
1606 2462 1657 2501 16
1682 2460 1706 2501 f.

109 2543 152 2574 35
173 2531 355 2587 Menage
377 2546 431 2572 on
453 2530 577 2586 Diog.
600 2530 739 2571 Laert.
764 2543 797 2571 ΙΙ
821 2533 887 2572 40.

260 2611 520 2641 DEIERABAT
552 2600 690 2640 Plaut.
721 2600 814 2641 Ter.
845 2600 963 2641 Varr.
994 2599 1115 2654 Prop.
1144 2599 1286 2640 Amm.
1309 2599 1422 2640 Tert.
1445 2598 1567 2653 Apol.
1597 2599 1650 2639 32
1682 2598 1706 2639 f.

173 2672 226 2711 35
256 2685 294 2724 p.
318 2685 371 2711 m.
433 2669 498 2710 De
528 2669 675 2710 Idolol.
708 2671 761 2710 20
784 2670 808 2710 f.
872 2668 1038 2710 Paulin.
1065 2668 1161 2710 Nol.
1193 2683 1224 2709 c.
1253 2670 1307 2708 24
1334 2670 1414 2709 331
1446 2668 1581 2721 [more
1614 2681 1706 2707 exx.

172 2739 216 2779 in
238 2739 360 2780 Thes.
413 2741 462 2779 A.
486 2738 563 2792 S.].
625 2738 673 2780 cf.
696 2738 850 2793 peierO.
