1827 3004
175 92 255 132 474
740 91 1141 132 TERTVLLIANI
1366 94 1423 147 [p.
1450 96 1527 134 142
1550 94 1578 134 l.
1603 96 1712 135 25—-

177 211 320 245 monte
353 204 594 245 Gentilium
621 219 652 245 c.
679 207 714 252 1,
745 205 789 258 2)
816 206 1103 258 pertinaciam
1130 221 1298 260 prauae
1328 207 1479 248 mentis
1512 208 1711 262 nequissi-

178 289 340 314 morum
361 274 577 313 hominum
607 274 762 327 punire
784 275 929 328 ‘inyens
950 273 1067 315 nobis
1093 275 1282 315 studium
1311 281 1378 316 est.
1441 275 1580 316 Galen
1610 276 1714 317 Diff.

177 342 288 383 Puls.
308 353 360 382 ΙΙΙ
379 357 410 382 c.
434 345 459 383 3
481 343 602 393 (tom.
620 354 707 382 V111
730 357 768 397 p.
789 342 870 383 657
896 342 959 383 ed.
976 343 1132 396 Kuhn)
1155 343 1317 384 θᾶττον
1339 342 1391 384 ἄν
1413 361 1479 388 τις
1502 342 1600 389 τοὺς
1623 343 1711 386 ἀπὸ

178 412 375 452 Μωϋσοῦ
417 411 489 452 καὶ
532 412 731 464 Χριστοῦ
761 409 1095 464 μεταδιδάξειευ.
1157 411 1247 452 The
1282 411 1469 467 Pythian
1500 413 1636 453 orac-le
1667 419 1712 454 ‘no

136 497 154 526 5
178 480 408 536 Porphyry,
431 480 586 535 asking
607 480 699 520 how
728 491 771 521 to
800 495 970 521 recover
1002 481 1068 521 his
1100 481 1213 522 wife:
1237 481 1356 536 forte
1387 482 1524 536 mayis
1554 483 1718 536 poteris

176 550 219 589 in
242 564 353 603 aqua
375 550 594 603 impressis
623 550 777 590 litteris
804 549 992 597 scribere,
1017 556 1090 590 aut
1118 551 1277 605 inflans
1302 566 1468 605 pennas
1500 551 1609 592 leues
1638 565 1714 605 per

176 632 277 658 aera
304 623 346 658 ut
368 618 463 658 auis
491 618 649 665 uolare,
676 633 804 673 quam
831 619 955 659 semel
985 618 1174 672 pollutae
1204 633 1368 660 reuoces
1389 619 1547 674 impiae
1569 619 1715 660 zia-oris

175 701 349 727 sensam.
414 686 617 727 Pruden‘o.
640 686 919 742 (Peristoph.)
942 687 1102 742 Hymn.
1127 689 1150 726 2
1177 686 1239 728 17.
1264 689 1328 728 63.
1353 690 1447 728 581.
1510 687 1714 728 Kortholb

177 754 395 809 [Paganus
442 754 737 808 obtrectator]
789 755 855 795 De
892 754 997 795 Vita
1049 761 1092 796 eb
1134 755 1327 796 Moribus
1369 761 1448 797 etc.
1484 771 1516 797 c.
1552 757 1604 796 10
1645 770 1717 811 pp.

117 838 157 860 10
180 825 418 864 152-169.

264 907 302 947 p.
328 894 409 932 142
432 893 455 933 l.
481 894 533 933 26
557 893 605 933 cf.
630 892 746 948 Orig.
771 892 917 934 Contr.
942 892 1051 935 Cels.
1075 905 1109 933 ΙΙ
1134 896 1187 934 45
1205 894 1276 935 fin.

262 977 301 1017 p.
328 964 408 1002 142
442 962 465 1003 l.
490 962 541 1003 27
578 974 819 1003 VEXILLVM
852 974 1126 1003 EXTOLLVNT
1157 963 1374 1005 Ammian.
1402 975 1537 1004 XXVII
1570 966 1623 1004 10
1649 961 1717 1019 §9

175 1031 307 1085 siquis
328 1032 425 1073 ilico
449 1032 556 1086 fissis
582 1047 631 1073 ea:
660 1047 784 1080 more,
807 1048 901 1073 cum
927 1032 1112 1087 undique
1141 1033 1198 1073 acl
1220 1048 1346 1073 arma
1368 1033 1719 1081 conclamaretur,

176 1101 354 1156 imperio
391 1102 604 1156 principis
643 1108 680 1143 et
715 1102 936 1144 ductorum
969 1102 1079 1143 stetit
1118 1102 1307 1156 regtibilis
1338 1103 1470 1151 miles,
1512 1102 1713 1143 uexillum

115 1190 155 1220 15
177 1171 394 1224 opperiens
416 1170 715 1212 eoetollenclum:
748 1171 856 1225 quod
878 1176 970 1212 erat
992 1177 1222 1225 opportune
1246 1170 1482 1212 subeundae
1509 1170 1715 1211 indicium

170 1255 351 1294 puynae.
415 1242 447 1293 )(
475 1240 676 1282 uexillum
706 1240 947 1281 submittere
978 1240 1117 1281 Pac-at.
1144 1240 1349 1296 Panegyr.
1373 1242 1439 1282 30.
1472 1239 1534 1280 La
1566 1238 1714 1281 Cerda.

177 1309 245 1350 On
268 1309 342 1350 the
364 1309 554 1364 thought
576 1309 630 1349 ad
651 1315 738 1350 nat.
762 1321 777 1349 Ι
802 1312 866 1350 18.

263 1390 435 1419 MVCIVS
500 1378 570 1418 Ad
641 1378 767 1419 Mart.
832 1379 858 1417 4
922 1377 1091 1419 Mucius
1172 1378 1447 1432 Empedocles
1534 1376 1647 1418 Dido

176 1448 378 1502 Regsulus.
391 1481 398 1488 .
411 1447 624 1489 ,meretrioe
658 1447 939 1488 Atheniensis.
952 1481 959 1487 .
972 1447 1101 1502 ‚apud
1134 1446 1485 1488 Lacedainzonas.
1496 1480 1504 1488 .
1515 1446 1719 1498 ,διαμασ-

115 1544 158 1566 20
178 1517 367 1569 τίὙωσις.
441 1516 507 1557 De
539 1516 683 1557 Anim.
717 1519 770 1557 58
803 1517 838 1569 (Ι
872 1519 955 1558 395
990 1519 1035 1567 6)
1069 1518 1224 1572 respice
1256 1517 1313 1558 acl
1349 1517 1482 1558 Mutii
1513 1517 1700 1557 animam

178 1603 271 1629 cum
299 1587 515 1628 dexteram
542 1602 665 1628 suam
692 1587 860 1641 iynibus
884 1586 1022 1628 soluit.
1084 1586 1219 1627 called
1250 1586 1481 1628 Postumus
1502 1587 1559 1642 by
1581 1586 1718 1628 Clem.

133 1687 135 1689 .
178 1656 296 1697 Alex.
322 1655 479 1697 Sbrom.
502 1667 551 1696 IV
572 1653 591 1711 ξ
614 1655 665 1696 57
690 1670 728 1711 p.
753 1657 835 1697 589
852 1655 896 1696 P.
958 1655 1116 1696 Minue.
1141 1655 1193 1696 37
1217 1654 1256 1711 ἐξ
1277 1658 1401 1697 3—4.

264 1740 303 1780 p.
328 1726 408 1764 142
442 1724 464 1764 l.
490 1726 543 1764 28
576 1735 874 1764 EMPEDOCLES
906 1724 959 1764 ad
992 1724 1118 1765 Mart.
1150 1726 1176 1764 4
1207 1724 1391 1777 (above).
1454 1724 1579 1780 Greg.
1613 1724 1720 1765 Naz.

179 1794 250 1836 Or.
273 1796 300 1834 4
322 1809 354 1835 c.
377 1793 532 1834 Iulian.
558 1796 579 1833 1
603 1792 622 1848 ἓ
645 1795 710 1833 59.
763 1792 825 1833 La
847 1792 997 1834 Cerda.

266 1879 303 1919 p.
335 1865 417 1904 142
450 1864 473 1904 l.
506 1865 560 1904 30
592 1874 762 1911 ALIQVA
794 1878 815 1904 o
850 1864 902 1903 12
925 1863 994 1903 fin.
1027 1863 1140 1904 idem
1172 1863 1270 1904 estis
1300 1863 1374 1917 qui
1407 1862 1605 1904 Senecam
1637 1862 1718 1903 ali-

179 1947 296 1987 quem
312 1932 512 1987 pluribus
533 1938 570 1973 et
592 1931 881 1972 amarioribus
902 1931 953 1972 (le
975 1937 1116 1972 'uestra
1138 1932 1432 1986 superstitione
1447 1937 1714 1985 perorantem

181 2002 514 2056 reprehendistis.
577 2016 608 2042 c.
645 2004 695 2041 11
720 2001 791 2042 fin.
823 2001 1004 2053 (Oehler
1034 2016 1073 2056 p.
1108 2003 1190 2042 160
1212 2003 1272 2053 n.)
1305 2001 1485 2056 aliquem
1526 2000 1576 2042 (le
1602 2001 1720 2055 sapi-

179 2071 293 2112 entia
324 2070 550 2111 Socratem.
618 2085 649 2111 c.
685 2072 737 2111 15
771 2085 808 2125 p.
844 2072 897 2110 50
930 2070 1177 2111 Mineruam
1211 2071 1412 2125 aliquam.
1448 2085 1478 2111 ο.
1506 2071 1557 2110 19
1589 2084 1628 2124 p.
1663 2071 1721 2110 64⁴

180 2140 200 2180 l.
227 2141 291 2180 10.
354 2139 419 2180 De
443 2138 568 2180 Carn.
592 2139 762 2180 Resurr.
787 2142 811 2179 3
842 2154 880 2194 p.
905 2142 958 2180 29
986 2140 1009 2180 l.
1040 2142 1061 2179 1
1088 2140 1162 2180 Kr.
1185 2139 1388 2181 sententia
1409 2138 1605 2180 Platonis
1635 2139 1716 2180 ali-

114 2232 158 2263 30
180 2209 297 2250 cuius
312 2209 644 2263 pronuntiantis.
706 2209 772 2249 De
794 2209 919 2264 Bapi.
939 2212 962 2250 5
986 2224 1046 2264 pr.
1070 2209 1207 2249 Isidis
1228 2209 1412 2250 alicuius
1434 2214 1507 2249 aut
1521 2208 1721 2249 Mithrae.

180 2278 244 2318 De
263 2277 503 2333 Monogam.
530 2277 579 2318 17
604 2292 663 2332 pr.
687 2278 871 2319 Ioannes
894 2278 1032 2332 aliqui
1055 2278 1214 2319 Christi
1235 2278 1378 2332 spado.
1431 2277 1486 2319 ib.
1511 2279 1534 2319 6
1553 2278 1623 2319 fin.
1639 2277 1718 2318 bis.

180 2347 297 2387 Hier.
333 2346 386 2386 In
424 2346 579 2387 Eccles.
615 2348 638 2388 9
674 2347 814 2387 7-12
853 2353 890 2388 et
926 2347 1024 2388 haec
1055 2347 1213 2402 aliquis
1250 2340 1447 2402 loquatur
1490 2347 1719 2402 Epicurus.

180 2417 289 2471 Aug.
309 2415 427 2457 Conf.
452 2427 466 2455 Ι
492 2417 544 2456 13
565 2414 584 2471 ᾖ
607 2417 661 2456 20
682 2416 851 2456 Aeneae
874 2416 1006 2457 nescio
1029 2416 1148 2457 cuius
1170 2430 1341 2457 errores.

268 2494 577 2524 CARTHAGINIS
625 2494 881 2523 CONDITRIX
925 2483 991 2524 De
1036 2484 1276 2539 Monogam.
1322 2483 1373 2524 17
1421 2498 1482 2538 pr.
1526 2489 1719 2537 exsurget

117 2570 157 2600 35
184 2553 326 2607 regyina
364 2552 637 2606 C'arthayinis
674 2558 711 2593 et
747 2552 935 2593 decernet
971 2552 1013 2592 in
1055 2552 1332 2593 Christianas.
1406 2552 1459 2592 ad
1496 2558 1581 2593 nat.
1620 2563 1654 2592 ΙΙ
1692 2554 1720 2593 9

180 2638 217 2678 p.
264 2625 344 2662 112
397 2623 420 2662 l.
465 2624 488 2663 6
542 2621 666 2662 VViss.
710 2633 725 2661 Ι
770 2624 823 2662 18
876 2636 912 2676 p.
957 2623 1011 2663 90
1063 2622 1086 2661 l.
1132 2624 1155 2663 5
1199 2621 1322 2663 Wiss.
1370 2621 1560 2676 Reyulus
1601 2621 1721 2674 (bis),

181 2690 306 2739 Dido,
331 2691 482 2731 mulier
510 2691 657 2732 Attica
686 2692 774 2743 (see
797 2690 961 2742 below).
1026 2689 1202 2730 Hieron.
1226 2705 1289 2745 ep.
1315 2691 1396 2731 123
1419 2689 1472 2730 ad
1503 2688 1718 2744 Ageruoh.

181 2758 200 2815 ξ
221 2762 246 2799 8
268 2775 306 2814 p.
331 2762 412 2801 906
431 2775 455 2800 a
476 2760 685 2813 strinyam
708 2759 889 2801 breuiter
917 2759 1110 2813 regyinam
1138 2759 1420 2814 Carthayinis,
1444 2773 1549 2814 quae
1579 2757 1723 2813 mayis

115 1888 156 1918 25
