1827 3004
130 116 173 156 p.
200 105 280 145 140
302 104 328 146 1.
355 106 423 158 18]
589 75 1025 152 APdLOGETlcvs
1058 114 1124 161 48,
1160 115 1213 154 49
1583 115 1662 156 467

128 217 218 258 sine
257 219 345 260 ullo
386 220 727 262 reuirescentium
773 223 1016 266 detrimento
1059 226 1209 268 aduret
1251 233 1413 268 tantum
1454 243 1502 269 ac
1542 242 1660 269 sensu

126 285 289 327 doloris
320 287 496 342 adficiet.
561 288 621 331 Cf.
647 290 833 332 Oriontii
857 292 1163 335 Connnonitor.
1188 297 1365 336 154—5.

216 367 396 398 MONTES
437 357 503 398 De
546 358 709 400 Paenit.
755 362 805 400 12
848 376 907 416 pr.
950 363 1051 416 quid
1102 364 1227 404 illum
1269 364 1510 406 thesaurum
1550 365 1662 419 iynis

125 425 289 465 aeterni
319 426 602 476 aestimamus,
633 442 727 469 cum
747 428 995 483 fumariola
1032 431 1238 486 quaedam
1280 434 1367 474 eius
1404 433 1506 475 tales
1530 435 1659 488 flam-

129 508 299 534 marum
320 495 426 536 ictus
447 496 652 544 suscitent,
679 502 720 538 ut
737 499 961 551 prasimae
985 500 1100 540 urbes
1121 507 1194 541 aut
1219 502 1307 541 iam
1332 502 1474 543 nullae
1496 508 1660 549 esi-stent,
1681 519 1698 549 5

124 568 203 604 aut
237 563 349 604 idem
379 565 460 606 sibi
489 565 539 606 de
570 565 638 607 die
677 568 868 620 sperent?
919 568 1135 610 dissiliunt
1175 570 1464 624 superbissimi
1506 577 1660 612 montes

126 631 239 685 ifflzis
259 633 508 675 intrinsecus
527 634 638 689 fetu,
659 641 696 676 et
717 635 826 690 quod
850 636 962 677 nobis
982 637 1134 678 iudicii
1150 640 1471 693 perpetuitatem
1495 640 1659 694 probat,

126 713 222 740 cum
243 701 470 751 dissiliant,
493 717 587 744 cum
607 703 871 752 deuorentur,
890 720 1119 759 numquam
1141 713 1276 748 tamen
1293 709 1516 762 finiuntur.
1569 710 1660 763 quis

123 766 226 810 haec
246 770 458 824 supplicia
479 771 649 826 interim
674 772 877 812 montium
902 788 977 813 non
1002 774 1154 815 iudicii
1174 777 1377 817 minantis
1398 778 1659 832 exemplaria

125 838 367 892 deputabit?
406 840 499 894 quis
528 841 740 882 scintillas
770 841 877 882 tales
908 857 986 883 non
1031 845 1175 897 neayni
1206 845 1389 886 alicuius
1421 852 1458 887 et
1490 847 1658 888 inaesti-
1682 865 1722 887 10

128 907 296 948 mabilis
315 908 411 963 foci
439 910 623 950 missilia
651 910 858 964 quaedam
889 917 926 952 et
957 913 1203 953 eoeercitoria
1234 915 1375 956 iacula
1407 917 1660 957 consentiet?

129 975 284 1017 Pacian
309 992 478 1032 paraen.
503 981 568 1027 11,
591 979 738 1035 Migne
768 980 810 1020 Ρ.
827 980 872 1021 L.
902 992 989 1020 XIII
1024 980 1155 1022 1088(Ι
1189 985 1329 1033 10893,
1351 984 1444 1025 who
1476 985 1658 1026 borrows

126 1044 202 1085 the
223 1059 414 1101 passage,
430 1062 577 1088 names
600 1049 742 1089 Aetna
758 1047 1029 1090 Lisaniculus
1043 1051 1097 1103 (2)
1117 1051 1205 1103 [u.l.
1230 1052 1414 1106 Siculus]
1441 1053 1658 1095 Vesuuius.

126 1114 238 1170 Aug.
260 1115 327 1156 De
345 1115 438 1158 Ciu.
457 1116 540 1157 Dei
558 1128 641 1157 XXI
656 1119 682 1157 4
701 1132 740 1172 p.
759 1119 839 1159 491
860 1118 884 1159 l.
905 1120 957 1158 22
976 1119 1043 1159 D.3
1060 1120 1231 1173 quidam
1256 1122 1463 1161 notissimi
1484 1122 1659 1163 Siciliae

127 1189 293 1232 montes,
315 1185 388 1239 qui
415 1191 535 1227 tanta
563 1187 762 1241 temporis
789 1187 1072 1229 diuturnitate
1093 1203 1141 1230 ac
1174 1196 1376 1231 uetustate
1403 1205 1527 1245 usque
1552 1206 1659 1232 nunc
1681 1206 1719 1236 15

125 1267 176 1294 ac
197 1253 388 1309 deinceps
399 1256 594 1310 flammis
617 1263 807 1298 aestuant
830 1263 951 1312 atque
972 1258 1126 1312 intessri
1141 1265 1422 1313 perseuerant.

212 1337 250 1377 p.
286 1325 368 1363 140
400 1324 423 1364 l.
459 1326 511 1364 12
556 1335 636 1373 QVI
678 1337 738 1366 DE
780 1337 926 1367 CAELO
966 1338 1209 1375 TANGITVR,
1251 1339 1420 1369 SALVVS
1459 1339 1537 1369 EST
1580 1336 1658 1370 cet.

125 1390 308 1443 Quintil.
332 1393 448 1434 Decl.
468 1394 686 1447 264(1ex.)
709 1410 787 1450 quo
810 1397 904 1450 quis
926 1396 1010 1438 loco
1021 1396 1212 1451 fulmine
1233 1397 1338 1438 ictus
1348 1396 1498 1452 fuerit,
1520 1399 1658 1439 eodem

124 1462 363 1516 sepeliatur.
415 1463 572 1505 Festus
593 1479 631 1520 p.
652 1466 734 1506 190
752 1465 775 1506 l.
792 1467 816 1506 8
833 1465 896 1506 ed.
914 1465 1104 1522 Lindsay
1125 1467 1162 1507 si
1184 1466 1389 1508 hominem
1400 1467 1660 1522 fulminibus

124 1532 276 1581 occisit,
321 1547 369 1574 ne
408 1547 543 1588 supra
581 1548 719 1588 yenua
751 1534 897 1575 tollito.
960 1534 1068 1576 Plin.
1114 1546 1147 1575 II
1185 1537 1238 1575 54
1274 1534 1293 1591 g
1327 1538 1407 1577 145
1455 1537 1660 1578 homiuem
1680 1553 1721 1574 20

125 1600 188 1641 ita
209 1601 495 1642 exanimatum
524 1603 708 1644 cremari
721 1603 804 1658 fas
825 1619 905 1644 non
927 1610 994 1652 est,
1017 1604 1140 1645 condi
1167 1611 1279 1646 terra
1306 1606 1451 1659 reliyio
1469 1605 1659 1647 tradidit.

122 1669 382 1711 Artemidor.
425 1682 459 1711 II
502 1673 526 1712 8
568 1686 606 1727 p.
641 1674 692 1712 81
732 1673 794 1713 ed.
831 1673 979 1729 Rigalt
1022 1673 1071 1714 οὐ
1111 1672 1196 1727 ’γὰρ
1239 1674 1279 1716 οἱ
1320 1674 1661 1729 κεραυνωθέντες

124 1737 443 1790 μετατίθενται,
475 1739 596 1781 ἀλλὰ
639 1739 750 1783 ὅπου
792 1740 846 1784 ἂν
884 1741 969 1784 ὑπὸ
1008 1745 1084 1783 τοῦ
1121 1742 1256 1796 πυρὸς·
1298 1743 1660 1798 καταληφθῶσιν,

120 1806 315 1849 ἐνταῦθα
349 1808 607 1850 θάπτονται.

747 1958 852 2000 CAP.
886 1959 1031 1999 XLIX

212 2089 251 2129 p.
276 2076 358 2116 140
390 2074 414 2115 l.
439 2077 491 2117 16
524 2087 925 2118 PRAESVMPTIONES
957 2093 988 2118 c.
1009 2080 1060 2119 19
1084 2078 1170 2119 cod.
1194 2078 1316 2120 Fuld.
1339 2094 1377 2134 p.
1403 2081 1455 2121 62
1480 2080 1657 2134 fiducia,
1678 2095 1718 2125 25

122 2158 254 2197 quam
261 2145 649 2199 praesumptionem
664 2147 836 2188 uocatis.
860 2147 925 2188 De
941 2148 1054 2188 Tesb.
1074 2147 1216 2188 Anim.
1233 2150 1258 2187 4
1277 2163 1314 2202 p.
1333 2150 1413 2188 138
1432 2148 1454 2188 l.
1466 2151 1518 2188 18
1534 2148 1656 2190 Wiss.

124 2225 175 2252 ea
196 2213 335 2267 opinio
360 2212 607 2255 Christiana
629 2215 695 2268 [of
710 2215 785 2256 the
808 2216 1343 2271 resurrection}..propter
1367 2232 1488 2257 suum
1510 2233 1653 2258 nomen

123 2281 205 2322 soli
236 2281 420 2323 uanitati
450 2287 488 2323 et
517 2284 681 2338 stupori
711 2290 758 2332 et,
786 2290 830 2325 ut
862 2285 1030 2332 dicitur,
1049 2286 1390 2339 praesumptioni
1420 2285 1656 2339 deputatur.

124 2350 196 2391 sed
219 2365 298 2391 ηοη
319 2351 607 2400 erubescimus,
621 2353 659 2392 si
679 2358 810 2394 tecum
833 2354 913 2394 erit
936 2360 1075 2394 nostra
1093 2368 1292 2408 praesum
1293 2353 1499 2408 ptio...ib.
1517 2354 1570 2394 ad
1587 2354 1656 2396 fin.

123 2418 195 2460 secl
227 2417 419 2472 forsitan
454 2419 505 2460 de
537 2434 655 2461 sensu
692 2427 787 2475 post
823 2435 1030 2462 excessum
1063 2422 1126 2462 tui
1155 2422 1307 2462 certior
1346 2421 1405 2461 sis
1445 2436 1571 2475 quam
1607 2421 1658 2462 de
1674 2438 1718 2468 30

124 2488 618 2536 resurrectione...,cuius
639 2505 712 2531 nos
737 2496 1080 2545 praesumptores
1105 2490 1362 2531 denotamur.
1423 2490 1488 2530 De
1511 2490 1656 2531 Anim.

123 2559 177 2598 48
199 2571 238 2612 p.
265 2556 347 2598 379
370 2557 410 2598 ll.
436 2559 500 2606 13,
526 2561 576 2600 15
602 2558 724 2600 Wiss.
789 2560 1037 2615 Rosengren
1059 2560 1124 2600 De
1149 2560 1311 2600 Elocut.
1335 2559 1434 2600 Sen.
1456 2574 1495 2614 p.
1518 2561 1584 2600 38.

209 2640 248 2681 p.
274 2628 356 2666 140
379 2627 402 2668 l.
428 2626 480 2668 17
504 2639 659 2669 POETIS
682 2628 877 2669 Laetam.
901 2640 967 2668 vn
994 2631 1058 2669 22.

207 2710 246 2750 p.
271 2697 353 2736 140
386 2695 410 2736 l.
435 2698 488 2736 18
520 2708 605 2738 NOS
635 2709 788 2738 INEPTI
820 2698 936 2738 Lact.
966 2709 1014 2737 IV
1048 2700 1100 2738 13
1132 2696 1226 2752 §14
1258 2713 1332 2745 cur
1362 2698 1496 2752 ifJitur
1526 2698 1652 2753 uulsso

114 2778 198 2818 pro
219 2764 358 2806 stultis
378 2770 416 2807 et
436 2767 562 2807 uanis
587 2772 624 2808 et
651 2767 804 2821 ineptis
835 2766 1045 2815 habemur,
1068 2767 1141 2821 qui
1169 2772 1377 2808 sectamur
1398 2767 1603 2820 mayistru
1613 2783 1650 2808 m
1669 2780 1710 2810 35

1411 2854 1540 2890 30-2
