1827 3004
77 80 118 121 p.
147 65 272 107 1101.
298 66 368 118 30]
523 65 961 109 APOLOGETIOVS
995 69 1060 117 38,
1095 70 1147 110 39
1524 66 1602 107 387

75 179 404 220 controuersiam
435 179 568 220 isdem
602 179 870 229 Christianis,
892 181 938 221 id
970 187 1028 222 est
1055 182 1224 235 corpori
1251 186 1287 221 et
1309 179 1607 221 conventiculis

75 261 229 295 eorum,
270 247 395 288 reddi
439 246 698 288 iubebis...in
743 248 893 302 quibus
935 249 1124 290 omnibus
1158 249 1402 303 supradicto
1443 247 1608 301 corpori

76 314 418 356 Christianorum
448 315 782 356 intercessionem
810 321 928 356 tuam
958 317 1291 370 efficacissimam
1322 315 1508 357 eoelzibere
1538 315 1605 356 de-

75 383 192 425 bebis.
254 383 434 426 Cassian
467 383 573 425 Inst.
611 395 645 424 11
681 387 705 424 5
743 399 782 439 p.
823 387 872 424 21
910 385 934 425 l.
967 387 1020 425 24
1057 386 1220 426 Pebseh.
1255 386 1430 440 quinam
1461 385 1607 426 modus

75 452 284 493 cotidiano
335 452 470 494 cultui
504 466 584 506 per
624 452 870 493 uniuersum
910 453 1209 507 fraternitatis
1250 468 1398 508 corpus
1443 453 1609 494 decerni
1626 472 1645 503 5

75 521 246 569 deberet,
298 522 526 562 tractaturi
576 522 835 562 conueniunt.
917 522 1074 563 Arnob.
1128 534 1142 562 Ι
1196 524 1247 563 16
1294 524 1480 577 corporis
1527 537 1608 563 non

76 590 209 630 nostri
236 591 274 642 -)(
310 588 585 638 Christianos,
623 591 642 629 1
678 588 772 630 Cor.
812 591 866 630 10
905 592 969 630 12.
1033 589 1284 631 Tzschirner
1318 591 1475 644 [where
1491 593 1536 644 ij.

162 673 200 713 p.
226 660 309 699 110
339 659 364 698 l.
393 660 446 698 28
479 669 612 698 MANV
642 669 786 698 FACTA
816 659 885 698 Ad
918 658 1039 714 Scap.
1065 662 1087 699 5
1115 660 1277 699 Arrius
1301 661 1542 701 Antoninus
1562 661 1606 700 in

77 727 189 767 Asia
203 741 297 767 cum
305 733 629 781 persequeretur
644 727 863 775 instanter,
882 741 1020 768 omnes
1034 727 1156 767 illius
1170 727 1358 768 ciuitatis
1374 728 1609 769 Christiani

76 801 173 836 ante
195 795 429 836 tribunalia
450 796 540 836 eius
565 810 606 836 se
632 810 762 836 manu
783 795 911 850 facta
933 796 1180 836 obtulerunt.
1244 796 1479 837 Woodham
1502 797 1608 837 cites
1629 812 1670 835 10

76 865 234 905 Arnob.
258 876 274 904 Ι
299 867 351 905 14
373 865 539 906 collatis
550 865 745 919 precibus
767 865 998 906 adoramus
1015 871 1093 905 etc.
1160 865 1280 906 Pont.
1304 866 1392 907 Vit.
1411 865 1535 921 Cypr.
1556 868 1608 907 16

76 934 136 975 sic
157 940 297 975 autem
326 934 544 975 comitatui
573 934 661 974 eius
682 934 874 988 infinitus
896 935 1101 975 exercitus
1122 934 1388 982 adhaerebat,
1409 936 1531 989 quasi
1554 935 1610 976 acl

75 1003 401 1057 ewpuynandam
427 1008 602 1043 mortem
628 1017 759 1042 manu
779 1002 907 1057 facta
938 1002 1164 1044 ueniretur.
1227 1002 1459 1043 Liebenam
1489 1003 1608 1044 Ro'm.

78 1072 354 1113 Vereinswes.
379 1073 457 1112 271
482 1086 521 1111 n.
547 1074 582 1112 1.

164 1156 202 1197 p.
242 1144 324 1181 110
357 1141 380 1182 l.
414 1143 468 1181 30
495 1151 679 1181 ORAMVS
713 1155 744 1181 c,
787 1142 968 1181 30—33.
1030 1139 1287 1195 Fragments
1320 1140 1366 1180 of
1392 1139 1609 1195 primitive
1632 1160 1671 1190 15

77 1212 240 1267 liturgy
276 1212 412 1252 Blunb
449 1211 565 1251 First
598 1211 736 1251 Three
773 1210 1002 1252 Centuries
1031 1225 1063 1250 c.
1094 1212 1117 1249 2
1148 1224 1224 1265 eg.
1257 1225 1294 1264 p.
1333 1212 1398 1251 36.
1459 1210 1507 1250 cf.
1545 1209 1610 1250 De

79 1281 197 1323 Orata.
214 1284 266 1322 22
283 1281 448 1334 [rather
469 1283 549 1321 23?
581 1281 630 1321 A.
648 1280 724 1334 S.].
778 1280 935 1321 Euseb.
952 1280 1038 1321 Vit.
1059 1279 1204 1322 Consi.
1228 1291 1277 1320 IV
1296 1281 1360 1320 20.
1403 1279 1610 1320 Athamas.

80 1351 202 1406 Apol.
224 1350 278 1391 ad
312 1350 457 1392 Const.
481 1352 515 1400 (I
541 1352 577 1397 1,
600 1351 732 1402 2393).
794 1349 953 1397 Arnob.
978 1361 1027 1389 IV
1051 1352 1104 1390 36
1140 1364 1238 1389 nam
1269 1355 1413 1390 nostra
1444 1349 1612 1402 quidem

79 1421 240 1475 scripta
271 1435 347 1461 cur
377 1419 545 1473 ignibus
575 1425 820 1460 meruerunt
852 1419 977 1459 dari?
1028 1433 1102 1459 cur
1130 1418 1374 1458 immaniter
1405 1416 1610 1458 conuenti-

79 1490 176 1530 cula
197 1489 329 1537 dirui,
350 1489 396 1528 in
418 1488 567 1542 quibus
587 1503 776 1528 summus
803 1493 951 1528 oratur
976 1488 1087 1535 olens,
1111 1502 1202 1542 pam
1233 1487 1388 1527 cunctis
1419 1492 1456 1526 et
1485 1486 1610 1525 uenia
1630 1501 1673 1523 20

75 1558 320 1613 postulatur
347 1556 669 1609 mayistratibus
691 1556 935 1597 eoeercitibus
956 1555 1122 1610 regibus
1142 1555 1448 1610 familiaribus
1468 1554 1610 1593 inimi-

79 1628 150 1675 cis,
179 1626 315 1667 adhuc
347 1626 482 1666 uitam
513 1625 753 1679 oleyeutibus
778 1631 815 1666 et
843 1625 1040 1666 resolutis
1068 1639 1291 1678 corporum
1323 1624 1540 1668 iunctione,
1567 1623 1610 1662 in

81 1696 228 1751 quibus
256 1695 379 1736 aliud
408 1695 588 1736 auditur
618 1695 726 1735 nihil
754 1695 838 1735 nisi
865 1695 974 1749 quod
995 1694 1200 1734 humanos
1219 1694 1375 1748 faciat,
1398 1693 1483 1733 nisi
1505 1692 1613 1746 quod

80 1766 200 1807 mites
222 1765 474 1806 verecundos
491 1765 671 1819 pudicos
702 1770 836 1805 castos
857 1764 1107 1819 familiaris
1136 1763 1505 1804 communicutores
1526 1761 1613 1802 rei?

80 1834 210 1890 Cyril.
253 1835 417 1876 Hieros.
461 1833 554 1876 Cat.
593 1836 616 1874 5
652 1834 779 1889 Mysi.
816 1836 852 1882 8,
890 1833 1038 1888 Migne
1076 1833 1118 1873 P.
1138 1832 1186 1873 G.
1220 1843 1375 1872 XXXIII
1411 1846 1449 1886 p.
1485 1832 1613 1871 1116ἃ
1632 1843 1673 1873 25

81 1906 427 1958 παρακαλοῦμεν
463 1902 538 1944 τὸν
571 1901 668 1944 θεὸν
703 1902 811 1956 ὑπὲρ
845 1905 992 1953 κοινῆς
1027 1903 1112 1942 τῶν
1153 1900 1400 1951 ἐκκλησιῶν
1433 1899 1614 1954 εἰρήνης,

84 1972 193 2026 ὑπὲρ
226 1976 302 2025 τῆς
334 1975 410 2013 τοῦ
443 1970 613 2024 κόσμου
646 1970 915 2017 εὐσταθείας,
940 1971 1050 2025 ὑπὲρ
1073 1969 1316 2020 βασιλέων,
1340 1968 1448 2023 ὑπὲρ
1481 1984 1614 2022 στρα-

83 2044 252 2083 τιωτῶν
293 2041 364 2082 καὶ
412 2040 675 2096 συμμάχων,
718 2040 828 2094 ὑπὲρ
871 2042 956 2081 τῶν
998 2039 1042 2080 ἐν
1084 2038 1342 2085 ἀσθενείαις,
1380 2038 1488 2092 ὑπερ
1530 2039 1616 2078 τῶν

84 2108 476 2161 καταπονουμένων
511 2109 583 2149 καὶ
621 2108 899 2160 ἁπαξαπλῶς
933 2107 1042 2161 ὑπὲρ
1074 2106 1253 2148 πάντων
1288 2106 1495 2157 βοηθείας
1529 2103 1614 2146 δεο-

83 2179 232 2232 μένων.
296 2177 555 2232 Marbyrium
585 2176 831 2218 Sebastiani
859 2178 912 2217 23
944 2175 963 2232 ξ
989 2179 1041 2217 85
1073 2191 1153 2230 pro
1186 2176 1321 2216 salute
1351 2181 1423 2215 tua
1454 2188 1615 2228 semper
1633 2193 1676 2224 30

85 2246 299 2288 Christum
320 2246 431 2288 colui
451 2252 489 2287 et
504 2260 585 2300 pro
607 2251 719 2286 statu
741 2245 851 2286 orbis
876 2245 1050 2298 imperii
1071 2244 1258 2285 Romani
1280 2243 1484 2296 [Rotnani
1505 2242 1615 2283 orbis

85 2316 233 2372 Migne
256 2315 348 2356 PL.
373 2326 485 2355 XVII.
509 2315 558 2355 A.
575 2313 635 2369 S.]
661 2315 786 2354 illum
816 2314 889 2368 qui
919 2315 964 2354 in
993 2313 1120 2354 caelis
1149 2318 1207 2353 est
1234 2326 1396 2365 semper
1421 2310 1615 2351 adoraui.

85 2385 260 2440 Dionys.
291 2385 412 2425 Alex.
446 2383 491 2424 in
521 2384 673 2424 Euseb.
704 2383 817 2424 Hist.
846 2383 954 2424 Eccl.
989 2394 1057 2422 VII
1092 2384 1126 2422 1.
1190 2382 1301 2421 Acta
1333 2379 1408 2420 SS.
1441 2378 1616 2419 Achatii

85 2453 150 2506 (in
181 2453 415 2506 Ruinarb).'
459 2452 614 2493 lustin.
652 2452 774 2506 Apol.
810 2463 824 2491 I
859 2466 890 2492 c.
930 2453 982 2492 65
1018 2465 1076 2505 pr.
1112 2464 1150 2504 p.
1187 2448 1258 2489 97Ο
1295 2446 1440 2491 κοινὰς
1483 2445 1616 2502 εὐχὰς

85 2521 370 2575 ποιησόμενοι
404 2522 513 2575 ὑπέρ
547 2539 594 2563 τε
626 2521 789 2562 ἑαυτῶν
824 2521 896 2562 καὶ
926 2523 1003 2561 τοῦ
1038 2517 1335 2575 φωτισθέντος
1365 2517 1434 2557 καὶ
1464 2515 1616 2557 ἄλλων
1636 2534 1676 2564 35

84 2595 319 2647 πανταχοῦ
356 2591 536 2633 πάντων
569 2589 760 2633 εὐτόνως.
822 2606 853 2631 c.
892 2591 943 2629 14
980 2605 1017 2645 p.
1062 2592 1133 2629 61ρ
1168 2588 1274 2641 ὑπὲρ
1319 2589 1403 2627 τῶν
1445 2586 1616 2641 ἐχθρῶν

87 2658 325 2716 εὐχόμενοι.
386 2674 418 2700 c.
454 2659 505 2699 17
541 2674 579 2714 p.
618 2658 693 2700 64(1
729 2658 828 2700 ὅθεν
863 2657 959 2699 θεὸν
991 2657 1068 2709 μὲν
1104 2654 1236 2709 μόνον
1277 2656 1618 2707 προσκυνοῦμεν,

88 2729 188 2780 ὑμῖν
224 2729 268 2771 δὲ
302 2728 411 2783 πρὸς
448 2727 502 2770 τὰ
536 2727 659 2769 ἄλλα
691 2728 921 2783 χαίροντες
959 2726 1270 2780 ὑπηρετοῦμεν,
1299 2724 1507 2774 βασιλεῖς
1545 2723 1618 2763 καὶ

1383 2810 1510 2845 25-2,
