1827 3004
113 63 164 103 72
678 59 1076 102 TERTVLLIANI

113 174 269 215 Pontio
314 174 467 224 Pilato,
514 174 682 228 Syriam
727 179 831 214 tunc
875 188 927 213 ex
971 178 1094 227 parte
1139 172 1338 212 Romana
1382 170 1643 225 procuranti,

112 252 318 293 uiolentia
348 253 650 306 suffragiorum
681 252 724 292 in
755 265 923 291 crucem
956 251 1100 291 Iesum
1131 250 1230 290 dedi
1261 248 1341 290 sibi
1373 247 1642 289 extorserint.

113 328 393 370 Praedixerat
423 335 467 370 et
495 330 585 383 ipse
616 329 677 369 ita
708 328 921 375 facturos3
969 341 1123 381 parum
1153 327 1186 367 si
1218 341 1305 367 non
1336 331 1379 366 et
1409 325 1646 379 prophetae

112 410 240 446 retro.
301 406 360 446 Et
387 411 534 446 tamen
563 405 741 446 suffixus
770 404 908 445 multa
936 404 1088 445 mortis
1114 404 1227 445 illius
1255 403 1427 458 propria
1456 401 1647 443 ostendit

114 481 308 536 insignia.
342 482 455 522 Nam
487 482 687 536 spiritum
720 495 818 521 cum
849 480 982 521 uerbo
1014 485 1169 534 sponte
1201 480 1376 530 dimisit,
1410 484 1646 533 praeuento
1666 493 1685 524 5

113 557 323 598 carnificis
359 558 510 599 officio.
571 558 737 598 Eodem
773 562 994 598 momento
1031 557 1121 598 dies
1156 557 1347 598 medium
1384 556 1531 597 orbem
1567 556 1646 610 sig-

114 639 246 674 nante
283 634 369 674 sole
405 634 622 674 subducta
659 639 735 674 est.
796 633 1045 688 Deliquium
1082 634 1234 688 utique
1270 638 1538 688 putauerunt
1574 632 1647 686 qui

115 711 158 751 id
186 726 358 766 quoque
383 726 510 766 super
536 711 705 752 Christo
731 711 1030 765 praedicatum
1056 726 1143 752 non
1164 711 1364 757 scierunt.
1422 710 1480 750 Et
1501 715 1648 750 tamen

114 802 212 829 eum
245 789 396 829 mundi
429 803 575 829 casum
608 789 793 829 relatum
824 789 869 829 in
901 789 1069 829 arcanis
1100 789 1255 829 uestris
1287 788 1468 829 habetis.
1529 788 1648 828 Tunc

115 865 265 906 Iudaei
291 866 536 906 detractum
563 871 607 906 et
631 865 856 920 sepulchro
883 866 1107 906 conditum
1133 880 1290 921 magna
1316 866 1448 906 etiam
1473 865 1649 906 militari
1671 882 1715 905 10

115 957 247 983 manu
270 943 491 984 custodiae
513 943 735 997 diligentia
758 943 1136 992 circumsederunt,
1161 957 1226 992 ne,
1252 943 1353 997 quia
1375 943 1650 997 praedixerat

114 1022 244 1062 tertia
281 1022 349 1063 die
386 1028 724 1063 resurrecturum
761 1036 805 1062 se
842 1037 867 1062 a
904 1027 1055 1071 morte,
1095 1022 1293 1076 discipuli
1329 1022 1446 1063 furto
1483 1022 1649 1063 amoliti

115 1101 300 1141 cadauer
345 1101 543 1142 fallerent
588 1106 823 1156 suspectos.
883 1101 967 1142 Sed
1014 1116 1109 1142 ecce
1155 1102 1284 1143 tertia
1330 1102 1398 1142 die
1444 1116 1649 1143 concussa

113 1186 289 1235 repente
310 1187 436 1232 terra,
456 1188 500 1223 et
520 1182 632 1223 mole
652 1182 849 1223 reuoluta
871 1197 982 1236 quae
1003 1182 1281 1223 obstruxerat
1300 1182 1586 1236 sepulchrum,
1607 1187 1650 1223 et

113 1262 309 1302 custodia
335 1277 496 1316 pauore
522 1262 713 1312 disiecta,
742 1263 869 1303 nullis
895 1263 1207 1317 apparentibus
1233 1263 1452 1317 discipulis
1477 1262 1582 1303 nihil
1604 1263 1649 1302 in
1672 1275 1712 1307 15

113 1342 338 1396 sepulchro
373 1348 591 1397 repertum
626 1349 691 1384 est
719 1348 1023 1397 praeterquam
1052 1343 1234 1384 exuuiae
1264 1343 1433 1397 sepulti.
1487 1342 1648 1383 Nihilo-

115 1423 256 1463 minus
288 1428 435 1464 tamen
471 1424 690 1478 primores,
723 1438 907 1478 quorum
940 1424 1149 1464 intererat
1183 1429 1227 1464 et
1261 1424 1397 1464 scelus
1429 1423 1652 1477 diuulgare

116 1507 159 1542 et
199 1503 407 1557 populum
449 1503 705 1558 uectigalem
747 1508 790 1544 et
830 1503 1085 1544 famularem
1126 1503 1206 1544 sibi
1247 1518 1271 1544 a
1312 1503 1396 1543 fide
1435 1516 1648 1552 reuocare,

115 1582 371 1636 subreptum
414 1597 438 1623 a
484 1583 703 1637 discipulis
746 1583 1070 1624 iactitauerunt.
1131 1583 1244 1623 Nam
1288 1597 1366 1623 nec
1409 1583 1478 1623 ille
1521 1596 1564 1623 se
1607 1582 1651 1623 in

118 1662 272 1716 uulgus
306 1663 468 1713 eduxit,
505 1677 558 1704 ne
591 1664 712 1718 impii
747 1678 885 1704 errore
918 1664 1214 1713 liberarentur,
1251 1669 1302 1704 ut
1335 1668 1379 1704 et
1411 1662 1529 1711 fides,
1565 1676 1652 1703 non.
1672 1677 1717 1700 20

119 1742 321 1783 mediocri
355 1744 545 1797 praemio
580 1743 811 1793 destinata,
847 1743 1103 1784 difficultate
1137 1748 1367 1783 constaret.
1428 1742 1535 1783 Cum
1570 1742 1652 1783 dis-

119 1822 269 1876 cipulis
300 1828 447 1863 autem
480 1824 741 1877 quibusdam
772 1824 890 1879 apud
922 1823 1170 1873 Galilaeam,
1204 1823 1392 1864 Iudaeae
1422 1823 1651 1877 regionem,

119 1901 175 1941 ad
209 1902 497 1956 quadraginta
531 1903 620 1943 dies
654 1903 740 1957 egit
773 1903 931 1944 docens
965 1917 1035 1943 eos
1068 1916 1179 1957 quae
1212 1903 1427 1943 docerent.
1487 1902 1654 1942 Dehinc

121 1980 330 2021 ordinatis
368 1981 426 2022 eis
464 1982 519 2022 ad
557 1982 745 2022 officium
784 1981 1061 2036 praedicandi
1099 1995 1174 2035 per
1211 1981 1358 2022 orbem
1397 1980 1654 2021 circumfusa

120 2060 234 2100 nube
269 2060 313 2100 in
350 2061 515 2101 caelum
553 2067 618 2102 est
652 2067 862 2116 receptus,
902 2061 1040 2102 multo
1076 2062 1218 2102 uerius
1255 2076 1386 2115 quam
1423 2061 1540 2115 apud
1577 2075 1654 2102 uos
1675 2077 1717 2109 25

121 2140 373 2180 adseuerare
395 2141 448 2181 de
471 2142 657 2182 Romulo
681 2142 849 2182 Proculi
871 2142 1023 2182 solent.
1084 2141 1148 2182 Ea
1171 2142 1315 2182 omnia
1337 2156 1464 2195 super
1486 2142 1654 2182 Christo

122 2219 299 2269 Pilatus,
336 2226 379 2261 et
411 2221 501 2275 ipse
533 2222 620 2262 iam
654 2237 730 2276 pro
765 2237 842 2262 sua
876 2222 1136 2263 conscientia
1171 2222 1450 2271 Christianus,
1487 2222 1655 2263 Caesari

121 2304 226 2340 tunc
265 2300 432 2342 Tiberio
472 2303 707 2344 nuntiauit.
768 2303 851 2343 Sed
891 2308 934 2343 et
973 2303 1172 2343 Caesares
1212 2302 1491 2343 credidissent
1529 2317 1656 2356 super

122 2379 303 2430 Christo,
337 2381 371 2421 si
404 2387 481 2422 aut
514 2382 713 2422 Caesares
746 2397 833 2422 non
865 2388 1008 2423 essent
1039 2382 1263 2423 necessarii
1296 2382 1478 2431 saeculo,
1513 2388 1590 2423 aut
1621 2382 1656 2423 si

122 2465 165 2499 et
220 2459 449 2502 Christiani
504 2462 748 2515 potuissent
803 2477 892 2503 esse
947 2463 1160 2504 Caesares.
1220 2462 1429 2517 Discipuli
1484 2477 1656 2517 quoque
1676 2478 1721 2510 30

123 2538 266 2579 diffusi
302 2553 376 2593 per
411 2540 557 2581 orbem
594 2555 645 2581 ex
681 2547 911 2596 praecepto
952 2543 1145 2597 magistri
1185 2543 1252 2583 dei
1292 2547 1541 2597 paruerunt,
1583 2543 1657 2596 qui

125 2622 169 2657 et
209 2618 289 2670 ipsi
330 2632 355 2658 a
397 2618 568 2660 Iudaeis
608 2620 935 2674 insequentibus
981 2621 1119 2662 multa
1160 2621 1348 2676 perpessi
1388 2621 1540 2675 utique
1580 2636 1656 2676 pro

124 2695 281 2736 fiducia
299 2697 494 2739 ueritatis
513 2699 696 2741 libenter
717 2701 883 2741 Romae
899 2707 1117 2755 postremo
1138 2716 1213 2756 per
1233 2701 1414 2742 Neronis
1430 2702 1658 2742 saeuitiam
