1827 3004
187 120 268 160 236
750 112 1150 156 TERTVLLIANI
1404 112 1465 165 [p.
1489 108 1590 150 481.
1616 109 1725 148 10-

177 232 427 288 foedissime
468 231 643 277 inducit,
685 228 968 270 commendato
1011 227 1203 268 libidinis
1245 225 1452 266 desiderio
1499 238 1578 278 per
1618 236 1724 263 com-

189 301 525 343 memorationem
552 306 588 341 et
610 298 963 340 enimzerationem
984 297 1234 338 amicarum.
1282 294 1446 334 Homer
1461 292 1545 333 and
1564 290 1725 332 Hesiod

190 371 339 411 Thdrt.
375 370 445 411 Gr.
480 369 562 409 Aff.
599 368 697 410 Cur.
737 379 789 407 ΙΙΙ
822 365 899 422 ξέὶ.
967 365 1125 407 Minue.
1162 366 1214 405 22
1249 363 1311 419 §1
1356 363 1433 403 lias
1471 361 1651 417 fabulas
1692 365 1728 401 et

191 455 351 481 errores
373 445 409 480 et
435 438 485 480 ab
513 438 725 493 imperitis
750 436 1000 491 parentibus
1029 435 1231 476 discimus
1260 439 1307 482 et,
1331 431 1440 487 quod
1461 437 1519 472 est
1537 432 1728 485 yrauius,

153 525 172 556 5
192 508 298 563 ipsis
337 508 492 549 studiis
533 513 568 548 et
609 506 851 560 disciplinis
891 504 1168 551 elaboramus,
1204 501 1465 544 carminibus
1501 499 1730 553 praecipue

188 583 423 632 poetarum,
451 576 524 630 qui
549 575 791 630 plurimum
823 579 1026 628 quantum
1054 572 1231 612 ueritati
1258 570 1344 625 ipsi
1373 584 1453 610 sua
1484 567 1732 608 auctoritate

194 660 377 686 nocuere.
437 642 502 700 §2
535 650 572 685 et
593 643 720 684 Plato
748 642 841 683 ideo
866 641 1093 696 praeclare
1121 639 1358 681 Homerum
1385 637 1511 678 illum
1538 636 1732 676 inclitum

197 714 418 755 laudatum
440 719 477 754 et
498 718 741 754 coronatum
763 712 813 752 de
833 712 1016 758 ciuitate,
1039 724 1167 764 quam
1195 709 1238 749 in
1269 721 1456 749 sermone
1482 703 1733 752 instituebat,

196 784 322 824 eiecit.
383 780 448 838 §3
490 782 556 822 hic
586 781 695 822 enini
731 781 986 835 praecipuus
1018 779 1120 820 bello
1156 777 1302 818 Troico
1334 776 1430 817 deos
1460 780 1630 821 uestros,
1661 773 1736 814 etsi

136 874 178 897 10
199 853 318 894 ludos
349 852 478 907 facit,
513 857 650 892 tamen
684 850 725 890 in
765 849 981 890 hominum
1013 847 1135 889 rebus
1168 853 1204 888 et
1241 845 1400 887 actibus
1435 844 1628 885 miscuit:
1671 841 1736 882 liic

199 937 341 964 eorum
384 921 519 976 paria
562 920 802 975 composuit,
842 919 1055 960 sauciauit
1111 917 1321 964 Venerem,
1363 914 1548 956 Illartem
1588 912 1738 960 uinoeit,

203 991 454 1038 ziulnerauit,
474 990 666 1045 fuyauit.
718 987 785 1045 §4
817 988 963 1029 Iouem
992 992 1145 1028 narrat
1174 1001 1199 1026 a
1227 985 1408 1026 Briareo
1432 983 1666 1029 liberatum,
1689 995 1739 1022 ne

201 1079 227 1103 a
250 1063 316 1103 dis
339 1061 481 1104 ceteris
503 1060 720 1115 liyaretur,
743 1065 779 1100 et
799 1058 1086 1113 Sarpedonem
1107 1056 1269 1111 fitium,
1291 1054 1490 1109 quoniam
1511 1052 1638 1093 ‘morti
1659 1065 1737 1091 non

195 1137 365 1187 poterat
381 1131 554 1185 eripere,
568 1129 752 1170 cruentis
772 1127 976 1168 imbribus
987 1126 1161 1181 fleuisse
1182 1131 1219 1166 et
1242 1125 1330 1165 loro
1365 1123 1533 1165 Veneris
1553 1121 1737 1162 illectum

140 1200 468 1256 15flayrantius,
499 1214 621 1253 (litam
661 1199 702 1238 in
742 1198 961 1238 adulteras
994 1196 1136 1245 soleat,
1168 1210 1261 1236 cum
1298 1193 1459 1233 Iunone
1492 1204 1618 1232 uxore
1649 1204 1741 1231 con-

202 1269 399 1312 cumbere.
462 1267 625 1309 Leland
657 1265 879 1309 Christian
912 1263 1166 1305 Revelation
1198 1262 1252 1303 Pb
1278 1273 1294 1302 Ι
1322 1276 1353 1303 e.
1379 1263 1414 1302 4.
1476 1259 1620 1315 Cyrssl.
1647 1257 1742 1299 adu.

204 1339 283 1379 Iul.
309 1351 323 1379 Ι
346 1340 414 1390 (VI
438 1340 489 1378 41
520 1336 720 1387 Auberb).
782 1334 1005 1390 Theophil.
1029 1345 1045 1374 Ι
1068 1335 1103 1375 9.
1137 1343 1191 1372 ΙΙΙ
1215 1334 1250 1373 8.
1308 1330 1442 1373 Clem.
1465 1329 1586 1370 Alex.
1611 1328 1744 1368 Protr.

206 1420 239 1449 Π
261 1407 280 1464 ξ
302 1410 355 1449 32
378 1423 462 1462 seq.
485 1422 523 1462 p.
550 1406 600 1447 27
627 1406 668 1447 P.
693 1420 776 1459 seq.
839 1403 926 1446 Cio.
949 1403 1002 1444 de
1030 1408 1115 1444 nat.
1138 1402 1264 1443 Deor.
1288 1412 1341 1441 ΙΙΙ
1363 1398 1382 1456 ξ
1405 1399 1456 1440 77
1480 1399 1527 1440 di
1542 1397 1705 1453 poetici.
1730 1408 1743 1436 Ι

204 1476 223 1533 ἓ
261 1479 310 1518 61
350 1491 388 1517 n.
427 1478 493 1516 42.
531 1477 584 1517 43
618 1489 656 1515 n.
730 1472 984 1528 Marquardt
1022 1476 1090 1511 ΙΙΙ2
1128 1472 1182 1512 60
1216 1485 1256 1511 n.
1292 1472 1327 1510 2.
1362 1471 1413 1510 61
1445 1483 1485 1508 n.
1523 1469 1548 1508 3
1586 1466 1671 1507 and
1708 1468 1744 1506 4.

143 1565 187 1586 20
209 1545 422 1600 Athenag.
447 1547 497 1584 21
522 1558 562 1584 n.
588 1546 609 1583 1
636 1542 753 1584 Otto.
778 1542 832 1581 22
854 1556 915 1596 pr.
964 1541 1074 1595 Aug.
1098 1539 1164 1580 De
1187 1538 1281 1580 Ciu.
1304 1537 1387 1578 Dei
1411 1548 1426 1577 Ι
1450 1538 1474 1577 3
1492 1551 1552 1591 pr.
1577 1541 1612 1576 et
1634 1534 1748 1576 nobis

206 1619 451 1662 suscensent,
473 1628 567 1655 cum
589 1612 639 1653 de
661 1612 729 1652 dis
750 1626 893 1652 eorum
919 1610 1028 1651 talia
1050 1610 1242 1655 dicimus,
1264 1622 1335 1649 nec
1356 1611 1588 1648 suscensent
1610 1610 1748 1645 euicto-

211 1684 324 1725 ribus
351 1684 451 1731 suis,
483 1697 583 1737 quos
618 1687 662 1722 ut
693 1680 932 1728 ediscerent,
963 1679 1193 1720 mercedem
1225 1677 1456 1726 dederunt;
1487 1675 1751 1728 doctoresque

208 1755 321 1808 ipsos
342 1753 517 1806 insuper
545 1758 582 1793 et
610 1751 772 1792 salario
801 1750 968 1805 publico
990 1755 1027 1791 et
1054 1748 1278 1790 honoribus
1300 1746 1572 1801 diqnissimos
1600 1744 1750 1785 habue-

210 1829 319 1865 runt.
362 1837 472 1863 omn.
496 1821 661 1862 Luciam
684 1818 1004 1875 Necyomantia
1026 1820 1051 1860 3
1069 1818 1204 1871 (what
1228 1816 1459 1871 Menippus
1481 1815 1620 1855 learnt
1643 1813 1750 1853 from

147 1908 190 1938 25
212 1893 376 1933 Homer
397 1891 482 1932 and
506 1889 700 1942 Hesiod).

299 1976 337 2016 p.
360 1963 414 2000 45
438 1960 462 2000 l.
488 1961 539 1999 12
563 1958 758 2012 [Iustin]
776 1957 949 2000 Cohort.
972 1957 1026 1997 ad
1045 1956 1115 1997 Gr.
1135 1957 1159 1996 2
1183 1970 1222 2010 p.
1245 1956 1288 1996 3θ
1305 1956 1350 1995 4a
1371 1954 1441 2006 (Il.
1461 1965 1526 1993 XX
1550 1951 1750 1998 66—''2).

214 2030 330 2071 Laeb.
361 2029 459 2070 Diu.
491 2029 597 2069 Inst.
629 2040 644 2068 Ι
677 2030 702 2069 3
730 2026 749 2083 ἓ
773 2026 836 2069 17.
899 2025 986 2068 Cic.
1016 2025 1069 2065 de
1102 2031 1188 2065 nat.
1215 2023 1340 2064 Deor.
1364 2034 1398 2063 ΙΙ
1426 2021 1532 2078 §70
1593 2020 1752 2061 Arnob.

214 2100 310 2141 adu.
346 2099 472 2140 Genb.
512 2110 559 2138 IV
603 2099 656 2138 :33
689 2097 713 2138 f.
748 2095 984 2144 uulnerari,
1029 2094 1189 2142 ueoeari,
1231 2093 1341 2133 betta
1381 2092 1493 2133 inter
1532 2105 1574 2132 se
1611 2104 1756 2145 yerere

205 2169 447 2225 furialium
488 2173 779 2209 memorantur
821 2165 976 2206 ardore
1017 2163 1326 2205 discriminum.
1390 2161 1595 2201 Prudenb.
1639 2158 1754 2199 Peri-

153 2255 197 2286 30
217 2238 353 2293 steph.
384 2249 416 2277 X
444 2238 613 2277 211-3
643 2235 748 2290 quid
775 2234 885 2275 inter
912 2248 1015 2273 aras
1041 2231 1319 2273 dissidentum
1351 2229 1572 2270 numinum
1598 2227 1602 2283 Ι
1626 2233 1757 2282 putas

218 2306 456 2360 ayendum?
537 2304 697 2345 Martis
737 2302 1033 2356 i'ndiynabitur
1073 2301 1077 2355 Ι
1127 2300 1283 2354 offensa
1324 2299 1475 2345 uirtus,
1516 2297 1555 2338 si
1594 2297 1758 2337 colatur

220 2376 431 2418 Lemnius.
493 2374 616 2414 Plato
658 2373 762 2428 Rep.
801 2371 921 2413 378d
964 2368 1216 2425 θεομαχίας.
1280 2367 1414 2410 Clem.
1457 2367 1523 2408 Al.
1558 2371 1687 2421 probr.
1724 2376 1758 2404 ΙΙ

221 2446 389 2488 36-37
423 2460 491 2500 pp.
525 2447 576 2485 31
611 2445 665 2485 32
697 2445 786 2496 (see
818 2447 923 2482 next
954 2442 1087 2493 note).

308 2530 345 2570 p.
369 2516 423 2554 48
447 2515 470 2554 l.
495 2515 547 2554 13
571 2523 792 2553 VENEREM
822 2513 1037 2566 Athenag.
1068 2511 1119 2549 21
1151 2524 1189 2564 p.
1215 2510 1296 2549 212.
1358 2506 1459 2547 Luc.
1488 2506 1613 2560 Iupp.
1635 2504 1758 2558 Trag.

160 2601 202 2631 35
223 2585 289 2623 40.
342 2582 469 2621 Firm.
493 2581 596 2621 Mat.
622 2582 673 2620 12
702 2578 721 2635 ἓ
744 2579 766 2620 7
795 2579 891 2634 fuit
920 2579 1030 2619 enim
1059 2583 1096 2618 et
1119 2576 1236 2631 apud
1263 2581 1431 2622 ueteres,
1454 2574 1547 2615 licet
1576 2572 1759 2613 nondum

224 2658 384 2692 terram
412 2649 696 2690 illuminasset
729 2647 893 2689 domini
922 2647 1058 2687 nostri
1090 2644 1252 2686 Christi
1282 2642 1527 2684 ueneranda
1558 2639 1762 2694 diqnatio,

225 2720 271 2759 in
310 2719 555 2772 spernendis
595 2716 961 2772 superstitionibus
1001 2715 1203 2769 reliyiosa
1245 2712 1490 2754 constantia.
1551 2709 1617 2766 §8
1661 2709 1762 2749 Dio-

228 2789 364 2830 medes
408 2789 591 2842 pudicus
633 2794 669 2829 et
715 2786 880 2828 sobrius
935 2785 1133 2826 Venerem
1182 2783 1390 2824 uulnerat.
1465 2779 1599 2822 Clem.
1642 2778 1764 2819 Alex.
