1827 3004
163 114 240 153 164
726 96 1128 153 TERTVLLIANI
1416 112 1473 165 [p.
1501 109 1600 151 141.
1626 111 1705 150 3—-

165 241 196 267 ο.
217 228 270 267 50
292 242 329 281 p.
352 229 432 267 144
451 227 473 267 l.
493 229 518 266 4
541 227 682 268 omitto
700 241 767 268 eos
788 227 861 281 qui
881 241 989 267 cum
1008 225 1155 280 yladio
1173 225 1352 280 proprio
1369 224 1436 266 uel
1459 224 1545 265 alio
1560 238 1707 278 yenere

169 295 312 336 mortis
338 296 503 336 mitiore
529 295 586 335 de
615 294 742 336 laude
768 293 1086 349 pepigerunt.

254 379 290 418 p.
341 365 393 403 14
440 363 462 404 l.
506 366 529 403 5
582 374 774 403 VXOREM
827 374 909 403 IAM
963 373 1171 403 PVDICAM
1222 373 1424 402 MARITVS
1476 372 1559 402 IAM
1612 371 1705 401 NON

167 443 736 473 ZELOTYPVS...ABDICAVIT
758 432 811 472 ad
829 439 916 473 nab.
935 443 949 472 Ι
968 433 994 472 4
1012 446 1049 487 p.
1070 433 1124 473 64
1142 431 1165 472 l.
1186 433 1240 471 24
1256 430 1379 471 Wiss.
1396 431 1479 472 scio
1501 430 1707 471 maritum

127 514 146 544 5
172 516 297 541 unam
320 507 442 555 atque
462 501 610 549 aliam,
633 501 810 541 andium
839 507 949 542 retro
972 501 1022 542 de
1050 501 1195 541 umoris
1223 515 1324 541 suae
1347 499 1541 548 moribus,
1565 500 1637 554 qui
1658 514 1707 540 ne

170 585 305 611 mures
335 570 502 624 quidem
535 570 580 610 in
615 569 850 611 cubiculum
882 570 1116 624 inrepentes
1146 569 1235 610 sine
1268 569 1426 624 yemitu
1456 568 1707 622 suspicionis

168 637 402 686 sustinebat,
422 644 630 692 comperta
653 653 782 680 causa
803 653 938 680 nouae
958 637 1198 679 sedulitatis
1220 644 1256 679 et
1277 639 1505 679 inusitatae
1526 637 1705 692 captiui-

168 708 267 748 tatis
301 721 462 748 omnem
495 708 620 748 uccori
650 708 910 762 patientiam
946 707 1138 749 obtulisse
1151 713 1172 756 ¹,
1206 721 1377 762 negasse
1411 718 1540 749 <se>
1577 707 1705 747 zelo-

167 782 358 831 typum,
384 776 587 817 maluisse
608 788 640 818 <
654 787 740 817 se>
765 776 894 830 lupae
919 791 1047 831 quam
1070 776 1338 818 Christianae
1359 777 1565 817 maritum
1580 791 1590 816 .·
1622 775 1707 830 ipsi

107 861 147 882 10
165 857 288 883 suam
337 842 456 884 licuit
495 843 542 883 in
585 857 838 897 peruersum
886 843 1104 884 demutare
1150 849 1364 890 naturam,
1405 843 1578 883 mulieri
1625 856 1705 883 non

160 912 358 966 permisit
382 912 428 953 in
459 912 609 953 melius
638 913 881 966 reformari.
943 913 991 953 cf.
1014 912 1068 953 ad
1091 927 1206 953 uxor.
1230 923 1265 952 II
1289 912 1325 953 ’7,
1387 910 1470 952 See
1492 911 1567 952 ‘che
1589 918 1706 966 Story

166 982 212 1021 of
237 996 261 1021 a
292 981 501 1022 reformed
534 981 628 1022 wife
660 981 911 1022 denounced
943 996 989 1022 as
1017 997 1042 1022 a
1072 981 1293 1023 Christian
1321 980 1379 1036 by
1401 980 1477 1021 her
1508 980 1705 1021 husband

163 1050 336 1102 (Iustin.
353 1050 460 1105 apol.
484 1061 519 1090 II
544 1053 567 1091 2
590 1065 629 1106 p.
652 1052 725 1091 41e
747 1052 862 1106 seq).
924 1051 973 1092 cf.
996 1051 1111 1092 what
1134 1051 1292 1091 follows
1315 1050 1415 1090 here
1437 1049 1521 1090 and
1543 1049 1596 1090 ad
1618 1057 1704 1091 nat.

165 1116 297 1157 about
335 1116 409 1157 the
447 1131 521 1157 son
559 1116 786 1157 abdicated
821 1117 917 1169 (the
954 1117 1235 1158 rhetoricians
1272 1117 1447 1172 passim.
1522 1116 1704 1168 Quintil.

108 1203 144 1233 ¹5
166 1196 232 1224 VII
256 1186 281 1224 4
302 1182 341 1240 ἐξ
363 1187 415 1226 26
440 1185 513 1237 27)
542 1185 626 1226 and
655 1185 730 1226 the
759 1186 875 1227 slave
907 1192 1004 1227 sent
1035 1202 1089 1227 on
1118 1187 1193 1227 the
1226 1186 1337 1227 land.
1401 1186 1537 1226 Blunb
1569 1185 1706 1241 Right

165 1254 253 1296 Use
276 1255 459 1295 376—7.
522 1255 645 1310 Kaye
670 1256 849 1296 130-1,

251 1339 289 1379 p.
324 1326 377 1364 14
416 1325 438 1366 l.
475 1323 497 1365 7
537 1335 724 1365 SERVVM
756 1336 840 1365 IAM
873 1336 1076 1365 FIDELEM
1108 1336 1316 1366 DOMJNVS
1348 1335 1460 1365 OLIM
1491 1335 1614 1365 MITIS
1647 1335 1705 1365 AB

166 1405 326 1434 OCVLIS
358 1406 620 1435 RELEGAVIT
651 1394 704 1435 de
736 1394 876 1436 idolol.
902 1396 953 1436 17
976 1410 1037 1450 pr.
1060 1397 1118 1450 (p.
1143 1397 1196 1436 50
1227 1395 1249 1435 l.
1275 1397 1328 1435 10
1352 1394 1498 1448 Wiss.)
1526 1400 1705 1436 ceterum

166 1463 268 1518 quid
291 1462 458 1517 facient
480 1463 614 1504 serui
643 1464 707 1504 uel
735 1463 912 1504 liberti
935 1464 1098 1519 fideles,
1120 1465 1219 1505 item
1242 1464 1438 1518 officiales
1458 1464 1703 1518 sacrifican-

103 1551 144 1572 20
166 1532 273 1573 tibus
294 1532 478 1574 dominis
499 1533 566 1574 uel
589 1533 789 1587 patronis
811 1533 877 1574 uel
900 1533 1173 1588 praesidibus
1193 1533 1282 1574 suis
1303 1533 1603 1574 adhaerentes?
1633 1533 1704 1574 sed

165 1602 202 1641 si
234 1616 397 1642 merum
437 1603 530 1657 quis
565 1602 828 1656 sacrificanti
868 1602 1109 1650 tradiderit,
1143 1604 1272 1643 immo
1305 1603 1344 1643 si
1383 1602 1506 1643 uerbo
1549 1617 1704 1657 quoque

165 1670 307 1725 aliquo
328 1672 536 1726 sacrificio
564 1673 793 1713 necessario
823 1673 1051 1721 adimzerit,
1073 1673 1267 1714 minister
1287 1672 1502 1713 habebitur
1524 1673 1702 1713 idolola-

165 1741 284 1782 triae.
345 1742 394 1781 cf.
418 1742 554 1782 Blunn
577 1741 714 1797 Right
736 1742 826 1783 Use
851 1742 944 1783 378.
1008 1742 1157 1783 Slaves
1179 1749 1276 1783 sent]
1305 1743 1397 1782 into
1426 1742 1501 1783 'che
1523 1749 1703 1798 country

163 1824 208 1849 as
230 1824 254 1849 a
276 1810 559 1865 punishmenb
581 1811 676 1852 qu.
700 1823 787 1852 VIII
813 1814 894 1853 180
915 1827 954 1853 n.
1016 1812 1197 1853 Journal
1220 1812 1266 1852 of
1283 1811 1506 1867 Philology
1528 1824 1595 1852 XX
1618 1813 1700 1854 279

102 1894 142 1925 25
166 1880 258 1919 ⁶280.
323 1879 491 1920 Patron.
529 1882 580 1921 69
614 1881 674 1922 sic
708 1896 773 1922 me
808 1882 978 1922 saluum
1014 1881 1214 1930 habeatis,
1247 1887 1292 1922 ut
1325 1896 1394 1935 eqo
1428 1882 1488 1923 sic
1523 1882 1702 1923 solebam

164 1948 378 2003 ipsumam
409 1964 546 1990 meam
577 1950 824 2000 debattuere,
856 1957 901 1992 ut
932 1951 1060 1993 etiam
1091 1951 1286 1992 dominus
1316 1952 1629 2005 suspicaretur;
1666 1958 1704 1993 et

164 2017 255 2058 ideo
288 2032 351 2058 me
382 2017 431 2057 in
464 2017 813 2060 uilio-ationem
845 2019 1108 2075 relegauit.

250 2101 288 2141 p.
333 2088 386 2126 14
429 2087 451 2127 l.
495 2089 518 2128 9
563 2099 688 2129 NVNC
734 2101 902 2138 IGITVR,
946 2101 985 2130 SI
1030 2100 1225 2129 NOMINIS
1274 2101 1425 2129 ODIVM
1466 2100 1556 2137 EST,
1598 2101 1702 2137 QVIS

164 2165 384 2196 NomNVM
416 2160 621 2197 REATVS?
658 2163 737 2199 cet.
798 2159 847 2200 cf.
876 2173 915 2199 n.
943 2173 996 2199 on
1025 2173 1062 2213 p.
1098 2161 1121 2199 6
1155 2159 1178 2199 l.
1214 2160 1265 2199 19
1298 2158 1383 2198 and
1416 2160 1481 2199 21.
1543 2158 1699 2199 lustin.

102 2241 144 2271 30
163 2224 273 2278 apol.
296 2236 311 2264 I
336 2224 356 2265 7
384 2225 407 2265 f.
430 2226 488 2279 (p.
513 2226 603 2278 56⁰)
625 2225 724 2267 ὅθεν
745 2226 923 2267 πάντων
946 2229 1032 2268 τῶν
1057 2228 1480 2280 καταγγελλομένων
1504 2227 1603 2280 ὑμῖν
1625 2226 1700 2271 τὰς

164 2292 345 2347 πράξεις
363 2292 593 2345 κρίνεσθαι
611 2294 824 2348 α’ξιοῦμεν,
842 2295 908 2337 ἵνα
926 2295 946 2337 ὁ
966 2296 1193 2352 ἐλεγχθεὶς
1212 2296 1266 2341 ὡς
1284 2295 1428 2339 ἄδικος
1447 2295 1700 2348 κολάζηται,

166 2361 285 2402 ἀλλὰ
307 2361 366 2415 μὴ
390 2363 444 2407 ὡς
470 2363 758 2417 Χριστιανός·
793 2364 865 2405 ἐὰν
888 2365 935 2406 δέ
963 2382 1027 2410 τις·
1057 2364 1318 2418 α’νὲλενγκτος
1348 2363 1568 2417 φαίνηται,
1592 2365 1697 2406 (ἰπο-

164 2431 324 2482 λιήται
348 2432 402 2476 ὡς
420 2432 688 2486 Χριστιανὸς
710 2433 830 2475 οὐδὲν
848 2433 1019 2476 ἀδικῶν.
1062 2435 1278 2490 Abhenag.
1294 2437 1317 2475 2
1333 2436 1390 2490 (p.
1406 2433 1470 2487 3d)
1489 2435 1536 2476 τὸ
1555 2433 1701 2476 τοίνυν

164 2499 272 2554 πρὸς
314 2499 511 2544 ἅπαντας
555 2501 652 2542 ἴσον
694 2502 765 2544 καὶ
808 2503 929 2555 ἡμεῖς
971 2502 1187 2556 ἀξιοῦμεν,
1228 2502 1287 2555 μὴ
1329 2503 1395 2544 ὅτι
1437 2503 1697 2558 Χριστιανοὶ

102 2581 142 2611 35
164 2567 380 2621 λεὙὸμεθα
411 2568 639 2617 μισεῖσθαι
672 2569 745 2610 καὶ
779 2569 1046 2622 κολάζεσθαι
1077 2570 1146 2623 (τί
1181 2569 1276 2626 γὰρ
1308 2572 1426 2624 ἡμῖν
1458 2571 1512 2612 τὸ
1544 2571 1699 2624 ὄνομα

164 2637 285 2691 πρὸς
317 2637 500 2678 κακίαν
533 2641 717 2691 τελεῖ,·)
751 2639 872 2680 ἀλλὰ
899 2639 1124 2695 κρίνεσθαι
1147 2639 1214 2694 ἐφ’
1237 2640 1346 2682 ὅτων
1368 2640 1420 2682 ἂν
1442 2640 1513 2681 καὶ
1544 2638 1696 2694 εὐθύνῃ

228 2733 237 2753 1
264 2733 387 2764 Oehler
412 2734 598 2774 strangely:
635 2739 791 2766 ‘omnem
816 2746 850 2767 u.
874 2746 907 2776 p.
927 2739 973 2777 o.]
995 2737 1031 2768 h.
1050 2747 1079 2770 e.
1104 2737 1285 2778 repudium
1310 2737 1508 2777 scripsisse)
1555 2736 1696 2775 Rather,

165 2788 307 2819 ‘offered
332 2792 365 2819 to
390 2789 479 2819 wink
504 2792 539 2821 at
563 2800 660 2830 every
684 2791 877 2832 infidelity.’
