1827 3004
165 44 246 83 332
362 46 366 49 ’
731 43 1133 84 TERTVLLIANI
1381 44 1440 99 [p.
1468 47 1521 84 86
1543 43 1569 84 1.
1595 45 1705 85 27-

154 156 345 212 frontem
361 163 397 198 et
414 157 651 199 Sterculum
678 156 683 212 Ι
713 157 807 198 colit
822 163 992 198 senatus
1006 173 1016 198 .·
1047 158 1192 199 horreo
1222 157 1226 212 Ι
1253 163 1309 198 tot
1325 163 1513 198 monstra
1528 163 1705 212 patrum

165 226 300 267 (licere
326 225 330 281 Ι
361 232 396 267 et
407 226 524 281 festa
547 226 726 267 Saturni
745 226 866 268 cenis.

252 310 289 350 p.
323 297 376 336 86
410 296 432 336 l.
468 297 521 335 28
554 306 818 335 LARENTmA
849 310 881 336 c.
907 297 959 335 13
982 311 1020 351 p.
1043 297 1097 337 46
1122 296 1144 336 1.
1169 298 1234 344 30,
1257 295 1367 336 infra
1389 310 1426 350 p.
1451 298 1505 336 88
1530 296 1551 336 l.
1577 297 1642 336 23.

252 375 483 405 PROVEXIT
505 365 630 420 Verg.
653 365 760 405 Aen.
784 376 833 404 VI
858 365 940 406 796
959 365 1148 420 proferet
1169 366 1408 420 imperium.

126 446 145 477 5
252 444 536 474 PEREGRINOS
568 449 600 474 c.
635 436 688 475 10
720 449 758 489 p.
783 436 836 475 36
870 434 893 475 1.
926 436 978 475 26
1002 449 1039 475 n.
1102 434 1155 474 ad
1185 440 1328 475 nat-..11
1354 434 1404 474 17
1428 449 1466 489 p.
1492 436 1574 475 130
1604 434 1627 474 l.
1654 437 1706 475 10

167 503 289 543 Wiss.
307 504 557 557 pereqrinos
577 504 687 545 enim
710 510 787 544 cet.

252 586 290 626 p.
325 573 378 611 86
411 572 435 612 1.
468 573 518 612 31
554 583 929 613 TRANSFRETANIS
962 570 1036 613 ἱῖπ.
1071 571 1143 626 εἰρ.

253 651 444 681 VIDERIT
475 656 507 681 0.
534 644 584 682 16
611 657 661 682 m.
684 643 738 682 42
762 657 800 682 n.
863 641 929 682 De
952 642 1066 682 Test.
1090 640 1232 681 Anim.
1260 644 1278 680 1
1305 656 1343 696 p.
1368 643 1448 681 135
1473 641 1497 682 l.
1527 642 1552 681 3
1582 640 1706 681 Wiss.

165 709 255 749 iam
277 710 411 763 iyitw·
430 710 540 750 nihil
562 710 677 751 ‘nobis
699 711 779 752 erit
801 726 893 752 cum
917 710 1067 752 litteris
1095 716 1131 752 et
1154 710 1347 752 doctrina
1365 710 1707 765 peruersaefeli-

108 794 147 816 10
167 778 316 826 citatis,
340 779 409 820 cuz·
438 779 481 819 in
503 779 626 834 falso
653 779 798 833 potius
829 779 1018 821 creditur
1049 794 1176 834 quam
1205 779 1251 819 in
1283 794 1390 820 uero.
1456 778 1643 819 uiderint
1673 778 1711 818 si

167 847 241 902 qui
271 847 321 888 de
354 848 473 889 {mico
505 854 542 889 et
582 849 667 889 solo
710 848 797 889 Deo
828 849 1228 903 pronuntiazterunt.
1290 848 1400 888 Adu.
1445 848 1647 902 Hermog.
1686 850 1705 886 1

167 932 205 972 p.
231 918 312 957 126
337 917 360 957 l.
386 919 437 958 16
463 917 537 959 Kr.
569 918 641 959 sed
673 918 831 960 uiderit
848 932 1042 972 persona,
1066 933 1156 959 cum
1181 917 1375 959 doctrina
1395 917 1503 957 mihi
1524 917 1709 972 quaestio

168 992 234 1027 est.
298 986 408 1026 Adu.
433 986 650 1027 Valentin.
676 988 699 1028 9
723 1002 761 1042 p.
787 986 867 1027 187
893 987 917 1027 l.
942 986 963 1027 7
996 987 1070 1027 ΚΓ.
1102 1002 1152 1027 esc
1181 986 1272 1027 illis
1303 986 1520 1028 duodecim
1556 984 1708 1026 Aeom'-

169 1054 253 1103 6113,
286 1070 386 1109 quos
420 1055 559 1096 Homo
596 1062 633 1096 et
669 1056 860 1097 Ecclesia
901 1055 1130 1103 ediderant,
1175 1055 1405 1095 nouissima
1445 1060 1547 1095 natu
1592 1055 1705 1095 Aeon

108 1137 148 1168 15
168 1124 345 1175 (uiderit
375 1125 648 1174 soloecismus,
670 1125 830 1179 Sophia
862 1125 972 1166 enim
1004 1139 1148 1165 nomen
1177 1126 1263 1176 est).
1327 1124 1510 1165 Gronou.
1534 1123 1587 1164 ad
1611 1123 1709 1164 Sen.

169 1194 234 1234 De
259 1194 382 1235 Prou.
406 1196 444 1235 3.

256 1274 446 1304 VIDERIT
477 1275 517 1304 s1
550 1275 793 1304 ADAMAVIT
824 1279 856 1304 0.
880 1266 903 1305 6
927 1279 987 1318 pr.
1010 1279 1049 1305 n.
1082 1279 1113 1304 0.
1137 1266 1188 1303 21
1214 1279 1252 1319 p.
1277 1263 1330 1304 74
1352 1263 1375 1304 1.
1402 1265 1454 1304 23
1477 1278 1516 1303 n.

255 1344 430 1374 CYBELE
465 1334 596 1389 Bayle
619 1349 787 1375 oeuvres
820 1346 873 1374 ΙΙΙ
905 1335 972 1375 47.
1035 1334 1146 1375 Adu.
1170 1334 1298 1375 Marc.
1323 1345 1337 1374 Ι
1363 1336 1415 1374 13
1438 1349 1475 1389 p.
1500 1333 1581 1375 307
1607 1334 1630 1374 l.
1654 1335 1704 1373 21

169 1402 242 1443 Kr.
306 1401 464 1443 Minue.
500 1404 564 1444 24.
626 1403 785 1444 Arnob.
809 1414 843 1442 ΙΙ
868 1402 932 1444 73.
975 1414 1041 1442 VII
1065 1405 1131 1444 49.
1194 1402 1287 1443 Liu.
1312 1414 1431 1442 XXIX
1463 1405 1512 1443 11
1537 1402 1619 1442 and
1646 1404 1709 1442 14.

105 1485 148 1507 20
168 1471 284 1511 Lacu.
320 1470 419 1511 Diu.
457 1471 585 1512 Instt.
623 1483 657 1512 Π
696 1471 718 1512 7
753 1470 772 1527 ξ
808 1474 871 1512 12.
934 1472 1044 1527 Aug.
1079 1472 1145 1512 De
1178 1471 1271 1513 Ciu.
1305 1471 1387 1512 Dei
1421 1483 1436 1511 Ι
1462 1473 1526 1512 30.
1565 1483 1618 1511 111
1644 1473 1707 1511 12.

169 1539 381 1581 Claudi-an
414 1539 479 1580 De
513 1540 659 1595 Rapbu
694 1540 973 1596 Proserpinae
1007 1552 1021 1580 Ι
1046 1543 1129 1581 200
1151 1555 1234 1595 seq.
1298 1540 1521 1581 Herodian
1544 1550 1558 1580 Ι
1585 1543 1648 1581 11.
1674 1539 1708 1580 7.

167 1609 307 1664 Zoega
346 1609 610 1650 Bassirilievi
647 1609 827 1650 Annichi
869 1610 1037 1661 (Rome,
1074 1611 1205 1660 1808)
1243 1612 1325 1650 188
1368 1610 1392 1650 f.
1455 1609 1708 1664 Marquardt,

169 1678 289 1719 Ro'm.
314 1678 735 1735 Staabsverwaltung
752 1691 804 1719 ΙΙΙ
829 1681 1011 1720 355—9.

255 1762 292 1802 p.
327 1749 380 1788 86
413 1748 436 1789 l.
470 1750 523 1789 32
556 1759 822 1789 VERNACVLI
855 1763 886 1789 c.
922 1750 973 1789 19
1011 1763 1049 1803 p.
1089 1750 1143 1789 64
1180 1748 1204 1789 1.
1242 1751 1292 1789 15
1330 1763 1370 1789 n.
1414 1763 1446 1789 c.
1482 1750 1536 1789 35
1568 1748 1707 1803 ipsam.

106 1834 123 1855 2
130 1834 148 1865 5
170 1819 445 1859 uernuculam
465 1824 617 1873 septem
641 1819 811 1860 collium
826 1818 999 1873 plebem.

256 1902 294 1942 p.
327 1888 380 1927 86
414 1887 436 1927 l.
470 1889 524 1927 33
555 1899 781 1928 TRANSIRE
824 1899 1073 1928 PROSPEX1T
1117 1887 1200 1927 had
1245 1887 1316 1928 the
1352 1887 1631 1943 forethought
1664 1894 1708 1927 to

169 1971 280 1997 cross
302 1971 411 1998 over.

257 2041 295 2081 p.
329 2028 382 2067 86
416 2026 438 2066 l.
472 2027 527 2066 34
560 2036 940 2066 DEBELLATRICEM
972 2024 1083 2065 Adu.
1117 2025 1210 2066 Iud.
1242 2027 1266 2066 9
1298 2040 1335 2080 p.
1368 2025 1450 2066 723
1473 2024 1710 2066 111.Oehle1·

170 2097 224 2147 (=
240 2094 351 2135 Adu.
376 2094 503 2135 Marc.
528 2106 580 2134 ΙΙΙ
606 2096 658 2135 13
681 2109 719 2150 p.
743 2096 826 2135 398
850 2095 873 2135 l.
894 2096 943 2134 21
971 2094 1065 2147 Kr.)
1096 2094 1156 2135 sic
1178 2100 1215 2135 et
1236 2093 1426 2148 Babylon
1444 2093 1560 2148 apud
1580 2094 1710 2134 Ioan-

109 2185 151 2215 30
170 2178 263 2204 nem
285 2169 473 2204 nostrum
496 2163 659 2204 Romae
681 2163 797 2204 urbis
809 2163 960 2218 fiyzcra
981 2168 1050 2211 est,
1066 2162 1248 2217 proinde
1269 2168 1306 2203 et
1329 2177 1506 2217 magmae
1527 2168 1564 2203 et
1585 2177 1710 2216 reyno

170 2233 370 2288 superbae
392 2239 429 2275 et
449 2239 689 2275 sanctorum
703 2233 991 2274 debellatricis.
1054 2231 1231 2274 Cassian
1253 2231 1357 2274 Coll.
1374 2242 1477 2271 XXII
1496 2234 1532 2272 3.
1594 2231 1710 2272 Lact.

172 2303 215 2343 in
233 2303 341 2343 lexx.
365 2303 453 2356 [see
476 2303 564 2343 also
587 2302 710 2344 Thes.
729 2301 857 2355 A.S.].

259 2387 296 2427 p.
330 2374 384 2412 88
417 2372 440 2412 l.
476 2375 496 2412 1
532 2371 676 2412 Death
700 2372 747 2412 of
763 2371 934 2411 Marcus
968 2370 1018 2411 17
1044 2371 1148 2411 Mar.
1174 2372 1256 2411 180
1279 2369 1455 2412 Clinton
1479 2369 1610 2410 Fasti.

258 2456 295 2496 p.
329 2444 383 2481 88
417 2441 440 2481 l.
475 2443 498 2481 2
532 2451 850 2481 ARCHIGALLVS
883 2439 948 2480 De
981 2439 1105 2481 Cam.
1137 2439 1284 2479 Resur.
1310 2440 1362 2479 16
1391 2453 1430 2493 p.
1454 2440 1507 2479 46
1538 2438 1561 2479 l.
1586 2438 1608 2478 7
1634 2438 1708 2478 ΚΡ.

109 2526 152 2556 35
173 2517 208 2551 et
242 2517 381 2552 tomen
418 2511 602 2559 calicem,
635 2525 716 2550 non
749 2510 842 2550 dico
874 2509 1161 2556 uenenorimn,
1193 2509 1238 2548 in
1269 2523 1387 2562 quem
1419 2522 1533 2548 mors
1564 2508 1708 2562 aliqua

172 2580 363 2627 ructarit,
385 2579 458 2620 secl
478 2579 695 2634 frictricis
725 2579 791 2620 uel
826 2578 1055 2632 archiqalli
1087 2578 1151 2618 uel
1180 2576 1436 2631 ylacliatoris
1466 2581 1540 2616 aut
1571 2576 1710 2617 carni-

164 2648 262 2703 ficis
292 2648 448 2703 spiritu
483 2648 697 2703 infectum,
734 2662 899 2702 quaero,
935 2662 991 2687 (ιη
1023 2647 1163 2687 minus
1194 2646 1378 2694 (Zamnes,
1410 2660 1538 2699 quam
1570 2645 1708 2686 oscula

173 2717 372 2772 ipsorum.
436 2716 542 2757 Plin.
566 2716 687 2757 inser.
749 2715 921 2757 Firmic.
944 2715 1126 2756 Matern.
1150 2714 1286 2756 Math.
1319 2726 1371 2754 ΙΙΙ
1405 2717 1428 2755 6
1460 2712 1553 2769 §522
1574 2713 1713 2768 faciet
