1827 3004
73 69 150 109 110
638 65 1036 112 TERTVLLIANI

66 181 353 221 necessarium
384 181 529 221 hostes
557 180 747 220 iudicare
777 179 1002 228 maluistis,
1036 179 1137 233 quia
1167 193 1316 220 sumus
1346 179 1485 232 plane,
1517 192 1604 218 non

66 254 231 308 generis
261 254 439 294 humani
469 259 630 301 tamen,
662 252 737 293 sed
766 252 912 306 potius
943 252 1106 292 erroris.

148 383 221 424 38.
281 384 465 424 Proinde
487 398 565 424 nec
587 383 715 437 paulo
738 383 875 423 lenius
896 383 1008 423 inter
1029 383 1168 424 licitas
1190 383 1401 424 factiones
1441 388 1605 423 sectam

64 457 194 498 istam
216 458 415 511 deputari
437 457 680 511 oportebat,
704 472 729 497 a
751 471 836 511 qua
857 457 961 497 nihil
984 457 1070 498 tale
1093 458 1384 498 committitur
1404 456 1531 511 quale
1551 456 1604 496 de

62 530 236 570 inlicitis
267 530 529 570 factionibus
560 530 702 570 timeri
734 529 869 570 solet?
932 529 1025 570 Nisi
1056 529 1180 571 fallor
1212 531 1339 579 enim,
1374 529 1602 584 prohiben-
1623 545 1643 575 5

64 602 217 643 darum
265 603 504 643 factionum
551 617 680 642 causa
727 603 780 643 de
826 603 1101 656 prouidentia
1147 609 1321 644 constat
1366 602 1604 644 modestiae

63 677 273 730 publicae,
292 691 346 717 ne
364 677 517 717 ciuitas
534 677 578 717 in
596 682 741 730 partes
758 676 1037 725 scinderetur,
1057 691 1168 731 quae
1186 692 1251 718 res
1269 677 1393 717 facile
1411 676 1600 724 comitia,

64 750 256 799 concilia,
284 750 435 798 curias,
463 750 697 799 contiones,
724 750 973 804 spectacula
1000 750 1131 790 etiam
1157 751 1335 791 aemulis
1360 750 1604 791 studiorum

64 823 465 877 conpulsationibus
498 823 774 876 inquietaret,
813 836 911 863 cum
945 823 1033 863 iam
1070 828 1113 864 et
1146 823 1190 863 in
1226 829 1411 877 quaestu
1447 822 1604 863 habere

65 896 307 950 coepissent
342 895 539 936 uenalem
577 900 621 936 et
657 895 965 936 mercenariam
1003 895 1196 936 homines
1233 896 1465 936 uiolentiae
1501 909 1604 936 suae
1626 909 1669 932 10

65 983 254 1023 operam.
314 969 374 1009 At
404 969 516 1009 enim
547 968 671 1009 nobis
701 968 756 1009 ab
787 968 904 1009 omni
934 968 1093 1023 gloriae
1123 974 1167 1009 et
1196 969 1422 1023 dignitatis
1452 969 1605 1010 ardore

65 1041 322 1096 frigentibus
343 1042 460 1082 nulla
484 1047 549 1082 est
570 1042 802 1082 necessitas
825 1047 985 1090 coetus,
1009 1056 1087 1082 nec
1110 1042 1195 1082 ulla
1219 1042 1355 1097 magis
1377 1057 1443 1083 res
1465 1042 1604 1083 aliena

66 1130 197 1169 quam
217 1115 402 1169 publica.
463 1115 607 1155 Unam
628 1115 822 1155 omnium
841 1115 1153 1169 rempublicam
1173 1115 1458 1170 agnoscimus,
1481 1130 1603 1156 mun-

64 1188 182 1229 dum.
243 1189 391 1242 Aeque
431 1188 687 1242 spectaculis
726 1188 882 1228 uestris
920 1188 965 1228 in
1005 1193 1180 1229 tantum
1220 1189 1520 1229 renuntiamus
1559 1189 1603 1229 in

65 1267 279 1315 quantum
309 1261 543 1315 originibus
573 1275 733 1309 eorum,
765 1275 873 1314 quas
902 1261 1059 1301 scimus
1088 1261 1141 1301 de
1169 1261 1475 1315 superstitione
1504 1275 1603 1302 con·
1625 1277 1666 1309 15

65 1339 226 1388 ceptas,
245 1348 343 1374 cum
359 1340 403 1374 et
418 1334 520 1388 ipsis
536 1333 675 1382 rebus,
695 1334 747 1374 de
764 1333 920 1387 quibus
936 1333 1248 1388 transiguntur,
1266 1340 1600 1388 praetersumus.

66 1407 181 1447 Nihil
222 1412 286 1447 est
324 1407 448 1447 nobis
487 1407 620 1455 dictu,
662 1407 770 1455 uisu,
813 1406 967 1447 auditu
1007 1420 1105 1446 cum
1143 1406 1310 1447 insania
1351 1407 1461 1456 circi,
1504 1421 1602 1448 cum

63 1481 319 1535 inpudicitia
345 1481 517 1529 theatri,
546 1496 645 1521 cum
670 1481 902 1521 atrocitate
927 1494 1094 1529 arenae,
1123 1494 1221 1521 cum
1247 1481 1364 1533 xysti
1390 1482 1600 1522 uanitate.

66 1554 160 1603 Quo
203 1569 280 1594 uos
323 1554 594 1603 offendimus,
640 1554 674 1594 si
717 1554 822 1593 alias
864 1554 1179 1608 praesumimus
1221 1554 1498 1608 uoluptates?
1561 1555 1604 1596 Si

64 1627 271 1667 oblectari
309 1627 480 1667 nouisse
519 1627 733 1676 nolumus,
775 1632 923 1667 nostra
962 1627 1117 1667 iniuria
1157 1632 1234 1676 est,
1277 1627 1311 1668 si
1351 1627 1474 1676 forte,
1516 1643 1604 1669 non
1624 1647 1670 1669 20

64 1707 222 1740 uestra.
283 1699 366 1740 Sed
392 1700 674 1754 reprobamus
701 1714 811 1753 quae
838 1700 1013 1753 placent
1038 1699 1174 1740 uobis.
1236 1699 1325 1740 Nec
1350 1715 1428 1741 uos
1454 1707 1603 1742 nostra

65 1773 296 1813 delectant.
358 1772 440 1813 Sed
472 1773 595 1813 licuit
627 1773 849 1826 Epicureis
881 1772 1072 1826 aliquam
1105 1773 1330 1813 decernere
1363 1774 1604 1828 uoluptatis

65 1846 309 1894 ueritatem,
344 1845 388 1886 id
423 1851 488 1886 est
520 1846 653 1886 animi
687 1845 968 1899 aequitatem,
1004 1851 1048 1886 et
1080 1846 1224 1900 ampla
1258 1847 1430 1901 negotia
1465 1847 1603 1889 Chris-

67 1919 224 1960 tianae.

149 2043 222 2085 39.
281 2043 421 2083 Edam
444 2044 531 2083 iam
553 2058 668 2084 nunc
691 2058 766 2098 ego
788 2044 879 2098 ipse
901 2044 1074 2099 negotia
1097 2044 1364 2086 Christianae
1386 2045 1599 2096 factionis,
1623 2064 1640 2085 2
1647 2064 1665 2094 5

66 2122 116 2157 ut
148 2117 221 2170 qui
253 2116 367 2156 mala
398 2116 692 2166 refutauerim,
726 2117 840 2158 bona
873 2117 1113 2158 ostendam.
1174 2118 1337 2172 Corpus
1369 2133 1517 2160 sumus
1549 2120 1602 2160 de

65 2190 326 2229 conscientia
366 2189 579 2244 religionis
620 2195 664 2230 et
704 2190 954 2244 disciplinae
993 2190 1163 2231 unitate
1204 2196 1248 2231 et
1287 2192 1377 2245 spei
1417 2192 1600 2234 foedere.

67 2262 238 2303 Coimus
262 2263 307 2302 in
332 2267 503 2303 coetum
529 2268 572 2303 et
596 2263 984 2317 congregationem,
1011 2269 1062 2304 ut
1085 2264 1142 2304 ad
1167 2264 1296 2304 deum
1321 2265 1443 2319 quasi
1469 2280 1602 2306 manu

66 2335 182 2375 facta
220 2335 538 2389 precationibus
576 2336 820 2376 ambiamus
856 2342 1041 2377 orantes.
1101 2336 1223 2377 Haec
1258 2337 1325 2378 uis
1361 2338 1440 2378 deo
1477 2344 1600 2393 grata

67 2414 144 2448 est.
207 2407 389 2448 Oramus
416 2409 547 2449 etiam
572 2424 649 2463 pro
674 2409 1021 2463 imperatoribus,
1049 2425 1126 2464 pro
1152 2411 1358 2452 ministris
1384 2425 1531 2452 eorum
1557 2417 1601 2453 et
1620 2425 1666 2456 30

68 2484 371 2537 potestatibus,
409 2499 485 2538 pro
521 2490 642 2526 statu
675 2486 845 2535 saeculi,
883 2501 960 2540 pro
995 2501 1137 2528 rerum
1173 2488 1330 2541 quiete,
1367 2503 1444 2542 pro
1479 2503 1600 2530 mora

66 2561 175 2601 finis.
236 2562 408 2602 Coimus
436 2563 491 2602 ad
518 2563 763 2603 litterarum
792 2564 1038 2606 diuinarum
1067 2566 1534 2616 commemorationem,
1566 2567 1600 2608 si

68 2637 171 2691 quid
212 2639 502 2691 praesentium
542 2645 787 2693 temporum
828 2641 1015 2694 qualitas
1054 2647 1133 2683 aut
1170 2657 1448 2697 praemonere
1486 2643 1602 2698 cogit

68 2719 145 2754 aut
168 2728 478 2769 recognoscere.
539 2715 662 2756 Certe
685 2716 815 2757 fidem
838 2718 999 2759 sanctis
1022 2718 1202 2760 uocibus
1224 2719 1453 2773 pascimus,
1478 2733 1599 2774 spem
