1827 3004
162 45 240 85 398
725 43 1126 84 TERTVLLIANI
1349 44 1408 98 [p.
1434 45 1513 85 114
1534 43 1561 86 1.
1587 46 1695 87 29-

162 155 348 197 Studien
382 158 461 196 151
487 170 525 196 n.
551 154 615 197 67.
678 155 795 211 Orig.
819 155 965 197 Contr.
989 155 1098 197 Cels.
1122 167 1208 196 VIII
1233 158 1285 197 :33
1307 156 1376 196 fin.
1440 156 1613 198 Herald.
1643 172 1696 198 on

160 225 319 265 Arnob.
343 235 391 264 IV
413 239 481 279 pp.
508 226 648 265 151—
652 227 687 265 2.

247 308 284 347 p
312 294 393 332 114
416 293 438 333 l.
463 294 633 334 29-30
665 304 888 341 QVANTVM
911 300 988 335 cet.
1043 293 1176 335 Clem.
1199 294 1320 335 Alex.
1344 294 1580 350 Paedagog.
1607 306 1641 335 ΙΙ
1659 297 1695 336 4.

160 361 247 402 Vit.
281 361 322 402 S.
361 361 569 402 Postumii
609 362 866 416 [Pachomii]
899 363 949 416 [c.
986 366 1008 404 6
1028 383 1062 396 =
1082 363 1230 418 Migne
1261 364 1306 404 P.
1322 363 1367 404 L.
1400 375 1551 404 LXXIII
1586 366 1697 405 4320.

118 446 138 478 5
160 430 210 470 A.
227 429 289 483 S.]
329 445 482 484 panem
516 431 645 471 etiam
674 446 799 472 suum
832 431 889 472 ad
920 446 1164 472 mensuram
1196 432 1438 487 accipiebat,
1470 439 1507 474 et
1541 447 1696 487 aquam

159 499 216 539 ad
238 514 406 540 mensu?
409 513 477 539 am
508 499 692 549 bibebat,-
727 515 958 554 numquam
983 501 1110 554 pleno
1142 507 1284 542 uentre
1310 516 1337 542 a
1358 517 1501 543 mensa
1521 502 1696 543 recessit.

159 569 306 610 Ambr.
321 570 376 620 (ἲ)
419 569 644 624 [probably
679 569 744 610 De
782 584 868 610 exc.
906 570 952 610 fr.
992 570 1139 625 Satyri
1174 582 1189 611 Ι
1226 570 1245 627 ᾗ
1278 573 1331 612 56
1374 587 1455 613 uon
1495 586 1697 647 umquam

160 637 493 679 accam-'‘aizombus
528 639 667 692 epulis
703 644 777 679 aut
815 639 1015 693 couyestis
1035 639 1220 693 ferculis
1252 640 1477 681 delectatus
1513 646 1581 689 est,
1613 640 1697 681 uisi

160 721 253 748 cum
275 707 431 748 amicos
452 713 647 761 voyaret:
679 713 885 762 qztontum
915 714 1094 749 naturae
1121 709 1226 749 satis
1254 715 1366 759 esset,
1388 724 1469 750 nou
1494 715 1697 764 quantum

98 794 140 816 10
159 777 373 830 uoluptati
402 782 643 831 superesset,
666 778 890 832 requirens.
934 777 984 818 A.
1000 777 1061 831 S]

245 860 282 901 p.
308 848 390 886 114
413 846 436 887 l.
460 848 511 887 31
538 846 607 887 Ad
640 847 765 887 onr.
796 858 830 887 II
854 848 880 886 4
910 847 1004 901 quis
1033 848 1247 889 nocturnis
1268 849 1638 898 conuocatiouibus,
1659 850 1699 891 si

157 916 221 956 ita
252 916 494 970 oportuerit,
526 932 553 957 α
586 917 713 958 latere
743 932 816 958 suo
849 917 987 958 adimi
1018 917 1191 959 libenter
1210 917 1366 973 ferat?
1426 918 1600 960 HIeron.
1624 919 1696 972 (ad

158 984 358 1037 Laetam)
389 985 511 1040 epist.
537 985 618 1027 107
650 985 669 1041 ξ
702 988 766 1035 10,
791 989 811 1026 1
846 987 906 1028 sio
935 987 1241 1036 eomedat‚...ut
1268 988 1413 1029 statim
1436 995 1532 1042 post
1560 988 1697 1030 cibum

150 1054 285 1108 possit
326 1055 456 1108 leyere
492 1069 615 1096 orare
653 1055 849 1109 psallere.
912 1055 1001 1108 (Ad
1039 1055 1236 1108 Furiam)
1272 1056 1395 1112 epist.
1434 1059 1489 1098 54
1519 1055 1538 1113 ἓ
1572 1060 1635 1107 11,
1671 1061 1691 1098 1

96 1137 135 1169 15
157 1124 326 1178 quwzdo
358 1124 548 1174 comedis,
578 1125 725 1179 coyita,
757 1125 868 1179 quod
898 1126 1041 1166 statim
1074 1126 1150 1166 tibi
1181 1127 1400 1174 orandum,
1433 1128 1530 1169 ilico
1563 1129 1694 1182 leyen-

156 1193 257 1234 dum
288 1195 351 1234 sit.
414 1194 503 1245 (Ad
536 1194 758 1244 Eustoch.)
781 1194 903 1250 epist.
927 1197 978 1235 31
1013 1193 1031 1250 ἓ
1063 1197 1099 1244 3,
1123 1197 1148 1236 3
1180 1196 1243 1237 ita
1275 1195 1351 1236 tibi
1375 1211 1537 1251 semper
1565 1212 1693 1239 come-

154 1262 337 1303 dendum
369 1269 437 1310 est⁷
460 1268 504 1303 ut
533 1263 667 1304 cibum
697 1270 734 1304 et
760 1264 896 1305 oratio
924 1270 1124 1318 sequatur
1151 1270 1188 1305 et
1214 1264 1341 1306 lectio.
1404 1264 1526 1320 Kaye
1547 1280 1585 1321 p.
1609 1267 1694 1307 404

154 1347 192 1373 n.
227 1334 263 1372 5.

240 1416 278 1456 p.
314 1403 395 1441 114
429 1402 452 1441 l.
486 1403 540 1442 33
576 1413 680 1442 POST
712 1401 935 1457 Scorpiace
968 1405 1016 1442 11
1057 1403 1114 1458 (p.
1155 1403 1237 1444 170
1273 1403 1297 1443 l.
1332 1405 1385 1443 22
1421 1402 1562 1457 Wiss.)
1587 1403 1691 1445 with

92 1486 135 1508 20
155 1471 347 1512 Oehler's
378 1477 489 1511 note.

242 1552 400 1588 AQVAM
433 1540 498 1581 De
531 1540 648 1581 Orat.
689 1542 741 1581 13
776 1556 880 1594 quae
912 1542 1023 1582 ratio
1051 1547 1120 1590 est,
1151 1541 1344 1582 manibus
1375 1542 1542 1596 quidem
1573 1543 1692 1584 ablu-

153 1611 217 1659 tis,
264 1611 419 1664 spiritu
466 1625 564 1651 uero
609 1610 810 1659 sordente,
847 1611 1077 1652 orationem
1125 1611 1246 1660 obire,
1294 1612 1461 1666 quando
1503 1619 1540 1654 et
1585 1613 1691 1668 ipsis

152 1680 346 1721 vmanibus
385 1679 603 1735 spiritales
651 1679 888 1721 munditiae
934 1681 1019 1721 siut
1068 1681 1418 1722 uecessariae...?
1467 1682 1544 1723 liae
1593 1688 1691 1724 suut

152 1764 278 1790 uerae
314 1749 563 1795 munditiae,
605 1764 685 1788 uon
727 1764 831 1803 quas
865 1749 1060 1804 plerique
1100 1750 1386 1804 superstitiose
1428 1757 1589 1800 curant,
1632 1751 1690 1792 ad

90 1831 131 1862 25
154 1835 315 1860 omnem
344 1819 589 1866 orationem,
611 1819 739 1859 etiam
762 1834 855 1860 cum
885 1833 912 1859 a
943 1819 1116 1860 lauacro
1146 1820 1271 1860 totius
1300 1820 1486 1874 corporis
1508 1819 1689 1868 ueniuut,

152 1903 308 1943 aquam
329 1893 543 1928 sumentes.
603 1887 650 1927 id
682 1903 773 1928 cum
805 1888 1094 1942 scrupulosius
1118 1893 1389 1942 percontarer
1415 1894 1451 1929 et
1478 1889 1687 1930 rationem

140 1959 416 2012 requirerem,
459 1957 643 2011 comperi
683 1958 1114 1998 commemorationem
1166 1972 1250 1998 esse
1295 1957 1489 1998 Pilatum
1538 1973 1689 1999 manus

151 2027 329 2068 abluisse
354 2027 399 2067 iu
421 2027 584 2067 domiui
605 2026 823 2067 deditione.
875 2041 949 2067 uos
970 2027 1188 2067 dominum
1210 2026 1452 2076 adoramus,
1466 2042 1548 2068 nou
1569 2027 1686 2069 dedi-

150 2112 254 2145 mus,
271 2097 398 2136 immo
421 2101 458 2136 et
480 2095 707 2136 aduersari
728 2094 919 2135 debemus
941 2095 1144 2136 deditoris
1166 2096 1350 2150 eoeemplo
1371 2110 1443 2137 uec
1458 2102 1686 2151 propterea

87 2180 132 2211 30
151 2181 303 2206 manus
335 2165 514 2210 abluere,
535 2164 621 2205 wisi
650 2164 695 2205 ob
718 2164 891 2219 aliquod
914 2165 1242 2206 conuersationis
1262 2164 1471 2207 humanae
1492 2166 1686 2220 inquina-

150 2240 333 2275 mentum
385 2233 656 2274 conscientiae
707 2248 835 2273 causa
887 2233 1088 2274 lauemus.
1150 2233 1202 2273 In
1245 2233 1319 2274 the
1360 2234 1590 2289 panegyric
1631 2249 1685 2275 011

149 2302 531 2357 church-building
577 2302 807 2343 addressed
848 2308 892 2343 to
936 2302 1143 2343 Paulinus
1185 2302 1244 2357 bp
1285 2303 1332 2342 of
1366 2303 1476 2358 Tyre
1510 2303 1684 2356 (Euseb.

149 2372 263 2413 Hist.
288 2372 396 2412 Eccl.
421 2383 451 2411 Χ
473 2373 499 2411 4
521 2369 539 2427 ξ
561 2372 636 2420 40)
668 2371 742 2411 the
771 2370 932 2411 atrium
956 2386 1039 2411 was
1068 2370 1334 2412 surrounded
1363 2372 1467 2412 with
1495 2372 1684 2427 porches,

152 2441 274 2497 ἱερῶν
307 2440 341 2483 δ’
365 2442 552 2483 ἐνταῦθα
584 2441 838 2497 καθαρσίων
870 2440 1004 2482 ἐτίθει
1036 2439 1262 2492 σύμβολα,
1289 2440 1447 2495 κρήνας
1479 2440 1683 2496 ἄντικρυς

86 2521 128 2553 35
150 2511 207 2555 εἰς
243 2509 487 2565 πρόσωπον
522 2510 823 2561 ἐπισκευάζων
857 2512 933 2550 τοῦ
968 2509 1058 2559 νεώ,
1095 2511 1256 2565 πολλῷ
1288 2509 1349 2565 τῷ
1384 2508 1572 2565 χεύματι
1607 2513 1683 2552 τοῦ

149 2580 336 2632 νάματος
370 2582 458 2621 τοῖς
488 2577 744 2634 ’περιβόλων
774 2577 896 2632 ἱερῶν
928 2579 1000 2620 ἐπὶ
1030 2577 1084 2619 τὰ
1107 2578 1194 2619 ἔσω
1217 2582 1425 2633 προϊοῦσι
1447 2578 1525 2631 τὴν
1548 2577 1681 2634 ἀπόρ-

147 2652 289 2703 ρυψιν
306 2648 622 2704 παρεχομένας.
653 2647 788 2689 called
811 2647 951 2703 φρέαρ
975 2648 1087 2689 Socr.
1113 2648 1227 2689 Hist.
1249 2648 1357 2689 Eeol.
1382 2659 1416 2688 II
1436 2650 1490 2689 38
1513 2648 1680 2703 (MIgne

147 2718 189 2758 P.
214 2718 261 2758 G.
286 2728 415 2757 LXVII
438 2718 576 2769 3:322);
608 2717 836 2758 cantharus
854 2717 1018 2759 Paulin.
1042 2716 1138 2758 Nol.
1161 2732 1227 2773 ep.
1248 2719 1302 2758 32
1325 2717 1397 2769 (ad
1420 2716 1538 2773 Sulp.
1562 2717 1682 2771 Seu.)
