1827 3004
251 74 330 114 272
818 71 1217 112 TERTVLLIANI
1468 74 1528 127 [p.
1553 72 1653 113 601.
1679 73 1788 113 27—

249 189 306 242 (p.
339 189 401 238 40)
433 185 454 228 ὁ
486 188 659 241 πρῶτος
694 189 769 238 τῆς
804 190 995 239 φυσικῆς
1030 186 1304 243 φιλοσοφίας
1338 186 1483 241 ἄρξας,
1564 187 1650 229 Cio.
1683 187 1785 227 Nat.

249 257 372 297 Deor.
396 268 411 296 Ι
433 254 452 311 ξ
474 258 526 296 25
552 256 622 296 ΤΙι.
645 255 850 304 Milesius,
873 256 948 309 qui
963 256 1134 309 primus
1155 255 1205 296 de
1227 256 1381 297 talibus
1402 256 1521 298 rebus
1542 256 1758 310 qzuzesiuit.

335 340 372 380 p.
397 327 450 365 60
473 325 496 365 l.
521 326 573 363 29
596 335 740 364 SOLON
772 324 867 365 qu.
894 326 946 365 10
969 324 1149 366 274—5.
1212 325 1396 366 Lasaulx
1427 325 1612 367 Studien
1641 340 1678 380 p.
1702 324 1785 365 487

247 410 286 435 n.
311 396 403 435 137.
462 393 654 448 Magirus
677 393 983 448 Polymnemon
1007 396 1061 447 (ζ)
1084 410 1152 435 S.V.
1176 395 1329 436 beatus
1350 411 1388 436 n.
1413 395 1535 436 5—7.
1594 393 1787 448 [Iustin]

208 478 228 510 5
248 464 351 506 Coh.
374 463 427 504 ad
451 463 520 504 Gr.
546 465 599 503 14
619 478 657 518 p.
684 461 766 503 15b.

334 548 371 588 p.
397 535 450 574 62
483 533 506 573 l.
530 534 555 572 3
588 543 869 572 AFFECTATIO
898 547 929 573 c.
961 534 1015 573 46
1042 548 1080 588 p.
1114 536 1194 573 128
1223 533 1245 574 l.
1278 535 1330 574 23
1353 533 1519 574 mimice
1544 532 1787 587 philosophi

247 602 442 657 affectant
472 602 693 643 ueritatem
725 608 762 643 et
792 601 1024 656 affectando
1056 609 1337 657 corrumpunt.

335 689 365 714 c.
389 673 442 714 47
473 688 511 728 p.
538 675 618 713 132
649 673 672 713 l.
704 674 727 714 9
760 672 944 714 homines
972 673 1147 727 ssaviae,
1180 679 1225 714 ‘ut
1256 674 1451 722 dioeimus
1474 678 1511 714 et
1532 672 1788 726 eloquentiae

246 742 378 783 solius
414 741 639 789 libidinosi,
675 740 817 795 siquid
852 740 896 780 in
933 741 1092 781 sanctis
1130 741 1387 795 offenderunt
1422 741 1604 794 diyestis‚
1640 740 1788 781 eminae

185 826 228 848 10
248 817 452 866 reyestum
476 826 559 866 pro
599 810 787 851 instituto
829 811 1087 851 curiositatis
1127 811 1184 851 ad
1219 811 1404 865 propria
1434 816 1656 851 uerterunt.
1718 809 1784 850 De

246 880 389 921 Anim.
424 883 445 920 1
481 896 518 935 p.
554 882 636 921 299
672 881 695 920 l.
736 882 788 920 10
823 880 946 920 VViss.
974 880 1248 935 philosophus
1284 881 1449 934 yloriae
1483 879 1656 920 animal.
1719 879 1785 919 De

246 949 383 990 Ieiun.
419 949 469 990 17
505 965 543 1005 p.
577 949 658 991 297
692 950 715 991 l.
750 953 773 990 5
812 949 935 990 Wiss.
972 951 1119 991 ‘merito
1156 950 1340 991 homines
1375 951 1508 991 solius
1545 950 1712 990 animae
1748 954 1786 989 et

247 1020 389 1060 carnis
420 1019 638 1073 spiritalia
670 1019 882 1060 recusatis.
944 1018 1010 1059 De
1043 1019 1168 1074 Bapi.
1202 1022 1227 1059 8
1259 1020 1325 1071 (of
1355 1019 1430 1060 the
1461 1018 1588 1070 dove)
1619 1017 1786 1058 animal

245 1088 532 1143 simplicitatis
564 1094 600 1129 et
631 1088 900 1129 innocentiae.
964 1088 1029 1129 De
1059 1088 1094 1128 F
1099 1103 1165 1142 ug.
1197 1088 1240 1128 in
1271 1088 1381 1128 Pers.
1414 1089 1466 1128 13
1495 1102 1533 1142 p.
1567 1102 1616 1127 m.
1649 1102 1784 1126 mam·

184 1173 225 1204 15
245 1173 391 1199 monae
413 1158 657 1198 hominibus.
719 1157 845 1212 Apul.
864 1158 986 1213 Apol.
1007 1161 1088 1198 523
1111 1158 1342 1211 (defended
1359 1158 1416 1213 by
1434 1157 1542 1199 Oud.
1562 1169 1595 1197 ΙΙ
1613 1172 1650 1212 p.
1670 1158 1784 1203 556).

247 1226 353 1267 Plin.
400 1226 510 1267 Hist.
553 1226 655 1267 Nat.
699 1238 800 1266 XXX
845 1229 881 1276 2,
924 1229 948 1267 6
989 1225 1008 1283 ἓ
1051 1229 1103 1267 18
1147 1228 1290 1282 Apion
1329 1226 1635 1281 yramniaticae
1677 1226 1786 1266 artis

245 1296 534 1349 (XVoodham).

333 1380 370 1420 p.
395 1368 447 1406 62
472 1365 495 1405 l.
520 1367 543 1405 5
568 1365 673 1405 from
697 1365 784 1406 this
806 1365 928 1420 point
950 1366 998 1406 cf.
1021 1380 1053 1406 c.
1079 1368 1141 1406 20.

334 1452 371 1491 p.
396 1439 448 1478 62
472 1437 495 1478 l.
520 1438 543 1477 6
568 1446 880 1476 CONSISTEREM
902 1451 933 1476 c.
957 1437 983 1475 4
1005 1450 1064 1490 pr.
1088 1436 1161 1487 (al.
1185 1439 1452 1483 concurram)
1475 1437 1528 1476 46
1552 1449 1610 1489 pr.

181 1522 225 1543 20
332 1521 369 1561 p.
395 1508 447 1547 62
471 1506 494 1546 l.
519 1507 542 1546 9
566 1516 839 1545 DISPVNCTIO
861 1520 892 1545 c.
913 1508 965 1545 18
983 1520 1020 1560 p.
1041 1506 1136 1546 581.
1158 1508 1208 1546 15
1228 1506 1295 1557 (ef.
1314 1520 1344 1545 e.
1364 1507 1418 1544 44
1436 1519 1474 1559 p.
1500 1503 1622 1544 1241.
1644 1505 1695 1544 16
1711 1504 1782 1547 n.).

245 1576 311 1616 De
334 1576 447 1616 Test.
470 1576 551 1616 An.
574 1577 600 1615 4
622 1590 681 1630 pr.
705 1575 986 1629 adfirmamus
1012 1581 1047 1616 te
1072 1590 1241 1615 mcinere
1262 1580 1359 1628 post
1389 1574 1502 1614 uitae
1527 1573 1783 1626 dispunctio-

243 1661 347 1687 nem.
409 1645 475 1686 De
508 1645 649 1686 Anim.
684 1647 738 1686 33
762 1645 785 1685 f.
818 1645 913 1686 bene
940 1644 1184 1699 philosophi
1219 1644 1370 1685 docetis
1402 1643 1565 1684 utiliter
1596 1642 1784 1683 suadetis

244 1715 405 1756 leuiora
420 1720 517 1768 post
537 1719 711 1754 mortem
732 1712 945 1768 supplicia
967 1713 1032 1753 uel
1050 1713 1263 1766 praemia,
1277 1727 1380 1760 cum,
1395 1712 1432 1752 si
1449 1711 1558 1766 quod
1573 1711 1781 1751 iudicium

243 1784 412 1824 animas
433 1789 582 1832 manet,
602 1783 782 1836 qrauius
803 1782 947 1824 debeat
975 1783 1091 1824 credi
1118 1783 1159 1822 in
1191 1782 1480 1836 dispunctione
1508 1781 1631 1828 uitae⁷
1654 1795 1782 1835 quam

179 1857 222 1901 25'
242 1853 289 1893 in
317 1852 696 1893 a(tumuisti-atione.
759 1851 856 1892 Sen.
880 1851 1005 1892 Breu.
1030 1850 1117 1891 Vib.
1142 1851 1163 1891 7
1188 1849 1207 1905 ξ
1230 1850 1252 1891 7
1286 1850 1502 1904 dispunye,
1530 1850 1714 1903 inquam,
1745 1854 1782 1890 et

242 1936 402 1963 recense
428 1922 536 1962 uitae
557 1926 652 1961 tuae
674 1920 787 1961 dies:
808 1920 961 1961 uidetis
975 1934 1136 1974 paucos
1156 1919 1385 1959 admodum
1406 1924 1443 1959 et
1463 1918 1640 1959 reiculos
1663 1917 1780 1972 apud

242 1996 279 2031 te
300 1990 508 2030 resedisse.

328 2074 367 2114 p.
398 2061 450 2099 62
474 2059 497 2100 l.
530 2061 582 2099 10
614 2069 955 2099 DISPOSITIONES
983 2073 1014 2098 e.
1038 2059 1092 2099 30
1122 2072 1181 2112 pr.
1207 2057 1341 2098 sciunt
1372 2056 1465 2111 quis
1495 2056 1584 2097 illis
1616 2055 1781 2097 dederit

241 2128 482 2183 imperium.

177 2213 222 2243 30
328 2213 366 2252 p.
390 2199 443 2238 62
466 2198 490 2238 l.
516 2200 568 2237 14
592 2207 1008 2236 PRAESVMPTIONEM
1030 2211 1060 2236 c.
1080 2197 1133 2236 49
1156 2210 1215 2250 pr.
1235 2195 1333 2235 haec
1355 2199 1450 2234 sunt
1471 2208 1577 2247 quae
1598 2193 1639 2232 in
1662 2191 1778 2232 nobis

240 2265 340 2306 solis
356 2265 718 2320 praesumptiones
738 2270 952 2305 uocantur.
997 2263 1235 2318 ibidfalsa
1258 2278 1366 2304 nunc
1381 2262 1465 2303 sint
1482 2276 1586 2316 quae
1603 2266 1780 2308 tuemur,

241 2340 278 2376 et
312 2335 459 2375 merito
489 2334 863 2389 praesumptiones,
899 2339 1080 2374 attamen
1115 2333 1360 2374 necessaria.
1422 2346 1454 2372 c,
1488 2333 1540 2372 25
1572 2346 1631 2385 pr.
1664 2330 1775 2370 Adu.

241 2403 368 2444 Marc.
387 2415 416 2443 V
440 2408 463 2443 9
482 2419 520 2458 p.
537 2405 616 2444 601
636 2403 660 2444 l.
678 2406 731 2444 13
750 2403 823 2444 Kr.
885 2403 996 2443 Adu.
1015 2403 1184 2443 Valent.
1208 2404 1234 2442 4
1255 2417 1293 2457 p.
1311 2404 1389 2442 181
1416 2401 1455 2441 ll.
1475 2403 1499 2441 3
1521 2400 1605 2440 and
1629 2402 1681 2439 18
1700 2399 1774 2439 Kr.

240 2472 306 2512 De
335 2472 477 2512 Anim.
511 2474 563 2513 32
596 2487 655 2527 pr.
688 2472 754 2513 liic
785 2472 1031 2513 dimicemus
1060 2486 1216 2513 ‘necesse
1246 2477 1304 2512 est
1335 2471 1540 2511 aduersus
1569 2474 1773 2523 portento-

175 2555 219 2586 35
239 2542 391 2583 siorem
416 2542 814 2596 praesumptionem.
877 2541 995 2581 Hier.
1020 2541 1095 2596 Ep.
1121 2542 1203 2581 108
1227 2542 1279 2581 26
1313 2555 1340 2580 a
1368 2554 1431 2580 «me
1460 2541 1562 2594 ipso,
1587 2539 1634 2579 id
1663 2544 1720 2579 est
1748 2553 1775 2578 a

233 2612 586 2665 praesumptione,
604 2612 785 2665 pessimo
801 2617 1081 2666 praeceptore.
1125 2611 1235 2666 Aug.
1260 2610 1325 2651 De
1347 2610 1461 2650 Trin.
1485 2621 1519 2649 Π
1544 2611 1578 2649 1.
1626 2608 1775 2648 Ambr.

240 2679 332 2720 Fid.
355 2680 450 2720 Res.
481 2681 545 2720 27.
608 2680 814 2722 Hexael'n.
845 2692 874 2721 V
903 2683 968 2722 32.
1031 2680 1159 2735 Apul.
1190 2680 1365 2721 Metam.
1396 2691 1446 2720 IX
1477 2680 1531 2719 14
1553 2679 1576 2719 f.
1640 2677 1774 2719 Clem.

240 2748 424 2804 Recogn.
448 2761 462 2789 Ι
487 2752 538 2790 15
561 2764 620 2804 pr.
