1827 3004
185 128 265 168 446
749 127 1149 168 TERTVLLIANI
1377 130 1438 184 [p.
1466 130 1543 169 130
1565 128 1592 169 l.
1617 130 1725 168 31-

271 256 308 296 p.
345 243 425 281 130
458 241 481 280 l.
515 242 565 281 31
602 251 896 280 DESTRVCTOR
939 240 1051 281 Adu.
1089 240 1217 282 Marc.
1251 252 1281 280 v
1314 244 1338 281 5
1370 256 1432 296 pr.
1466 244 1516 281 15
1550 241 1609 296 (p.
1641 243 1723 282 628

185 311 207 351 1.
233 310 254 350 7
280 310 374 357 Kr.)
397 310 511 362 (RW
533 299 617 350 cite
639 309 738 364 only
760 310 800 350 h.
823 310 846 350 1.
869 310 953 350 and
977 309 1163 351 Cassiod.
1226 310 1294 352 LS
1326 311 1414 351 also
1446 310 1566 351 Hier.
1576 318 1597 359 ).
1658 311 1723 352 De

184 379 377 434 Spectato.
398 381 453 419 30
475 393 515 432 p.
537 380 589 419 29
613 379 638 418 l.
662 380 715 418 14
738 378 863 419 Wiss.
895 378 1068 420 sabbati.
1129 379 1231 432 [See
1253 379 1379 420 Thes.
1439 379 1490 419 A.
1508 379 1569 433 S.]

270 459 615 489 INTERPOLATOR
664 448 844 503 garbler.
918 448 984 489 De
1037 448 1154 490 Culta.
1201 449 1318 491 Fem.
1362 461 1377 490 Ι
1419 452 1444 489 8
1496 465 1574 491 non
1627 463 1722 504 erqo

140 533 160 564 5
185 523 339 558 natura
370 517 530 571 optima
557 522 653 558 sunt
680 518 774 565 ista,
796 532 902 572 quae
931 533 957 558 a
987 518 1060 558 deo
1088 533 1168 559 non
1199 524 1305 567 sant,
1327 525 1495 560 auctore
1522 524 1702 560 naturae
1709 534 1723 569 ;

181 587 240 627 sic
270 601 295 626 a
326 586 490 627 diabolo
521 600 604 627 esse
640 586 953 639 intellegmntur,
989 587 1039 627 ab
1072 587 1370 641 interpolatore
1406 594 1594 629 naturae.
1657 587 1722 628 De

181 654 324 695 Anim.
355 656 406 695 16
429 654 500 695 fin.
562 654 627 695 De
660 654 853 709 Spectac.
886 656 909 694 2
943 670 980 708 p.
1012 657 1037 696 3
1071 655 1094 696 l.
1129 658 1152 697 6
1188 655 1310 696 Wiss.
1344 656 1524 697 multum
1556 656 1724 696 interest

179 723 288 764 inter
310 723 593 777 corruptelam
619 730 655 764 et
683 724 977 777 integsritatem,
1000 725 1101 778 quia
1129 725 1310 765 multam
1335 730 1393 766 est
1419 725 1529 766 inter
1556 725 1721 765 instita-

180 799 309 834 torem
331 799 367 834 et
388 793 850 847 interpolatorem...(p.
873 795 899 833 4
922 794 944 834 l.
970 796 995 834 8
1019 793 1165 846 Wiss.)
1186 809 1260 834 nos
1287 794 1431 848 iyitur,
1455 794 1527 848 qai
1555 794 1722 834 domino

117 879 159 902 ιο
179 863 338 916 coyrrito
360 862 487 903 etiarn
509 862 724 903 aemulam
745 861 832 902 eins
857 862 1128 915 inspeximus,
1150 863 1223 917 qni
1249 862 1487 903 institutore
1515 867 1720 916 comperto

179 937 215 972 et
236 931 582 986 interpolatorem
606 946 689 972 una
711 930 1072 985 deprehendimus,
1093 946 1165 972 nec
1192 931 1351 971 mirari
1375 946 1502 986 neque
1530 930 1722 973 dubitare

157 1007 360 1056 oportet:
407 1017 499 1043 cam
540 1002 681 1055 ipsam
721 1001 939 1050 hominem,
982 1016 1085 1055 opas
1126 1007 1163 1042 et
1203 1001 1435 1054 irnayinern
1475 1000 1554 1050 dei,
1596 1001 1721 1042 totins

177 1070 470 1111 uniuersitatis
496 1083 785 1123 possessorem,
817 1068 899 1109 illa
929 1069 997 1110 uis
1027 1070 1345 1123 interpolatoris
1375 1076 1412 1111 et
1444 1069 1720 1110 aemulatoris

179 1138 320 1192 anyeli
361 1138 411 1179 ab
452 1138 574 1179 initio
616 1136 665 1178 de
701 1137 940 1191 inteyritate
976 1137 1178 1179 deiecerit.
1256 1137 1321 1178 De
1364 1138 1478 1178 Testa.
1516 1137 1658 1179 Anim.
1695 1141 1719 1179 3

115 1224 155 1255 15
176 1223 215 1262 p.
246 1210 327 1247 138
356 1207 379 1247 l.
412 1209 432 1246 1
465 1205 590 1246 Wiss.
622 1205 817 1247 Satanan
845 1206 1021 1261 denique
1048 1207 1093 1246 in
1123 1207 1237 1247 omni
1263 1207 1480 1248 uectatione
1510 1213 1546 1248 et
1577 1222 1719 1262 asper-

175 1276 341 1317 natione
374 1282 411 1317 et
447 1276 711 1317 detestatione
741 1276 1008 1329 pronuntias,
1043 1290 1162 1330 qaern
1200 1291 1272 1317 nos
1307 1275 1488 1317 dicimus
1528 1276 1721 1318 malitiae

175 1347 382 1399 anyelurn,
416 1346 539 1386 totius
570 1345 729 1386 erroris
764 1345 980 1399 artificem,
1012 1345 1137 1386 totius
1169 1345 1326 1387 saeculi
1361 1346 1718 1399 interpolatorem.

176 1415 241 1456 De
275 1416 457 1456 Praescr.
492 1415 620 1455 Haer.
655 1418 676 1455 7
712 1429 751 1469 p.
773 1430 825 1455 m.
848 1415 1001 1470 ficerat
1025 1415 1292 1457 <Paulns>
1315 1416 1494 1456 Athenis
1525 1423 1562 1458 et
1592 1417 1719 1458 istam

174 1486 428 1539 sapientiam
459 1485 702 1533 humanam,
732 1485 1030 1539 affectatricem
1061 1491 1099 1526 et
1127 1485 1485 1540 interpolatricem
1513 1486 1719 1535 ueritatis,

110 1578 155 1600 20
174 1555 224 1596 de
256 1555 537 1609 congressibus
568 1560 754 1603 nouerat,
786 1555 926 1609 ipsam
957 1569 1112 1609 quoque
1144 1555 1187 1595 in
1221 1569 1320 1595 suas
1353 1554 1540 1596 haereses
1575 1556 1717 1596 multi-

173 1625 383 1677 partitam
431 1624 636 1665 aarietate
682 1629 891 1665 sectarum
935 1624 1117 1665 inuicem
1162 1625 1499 1678 repaynantimn.
1581 1625 1716 1666 Lucis.

174 1692 350 1735 Galaria.
381 1692 590 1733 Moriend.
622 1693 726 1734 Esse
765 1696 785 1733 1
823 1708 863 1748 p.
901 1695 985 1733 284
1023 1693 1061 1734 ll.
1101 1694 1214 1733 3——4
1249 1692 1404 1734 Harbel
1440 1694 1718 1749 interpolator

173 1763 366 1804 ueritatis
388 1763 707 1815 (Constantius).
770 1762 932 1816 [Hier]
954 1762 1024 1802 Ad
1048 1762 1184 1803 Amic.
1211 1764 1335 1817 Aegr.
1364 1777 1427 1818 ep.
1456 1774 1490 1803 ΙΙ
1513 1767 1568 1816 (=
1587 1765 1633 1815 6)
1662 1766 1716 1804 20

172 1832 220 1883 (t.
256 1843 306 1871 XI
342 1835 406 1885 (2)
452 1829 584 1883 105b).
646 1832 767 1872 Zahn
802 1831 1107 1887 Forschungen
1151 1843 1181 1871 V
1225 1834 1308 1872 310
1352 1832 1419 1885 (cf.
1457 1834 1539 1873 312
1583 1847 1622 1873 n.
1660 1835 1715 1883 2).

38 1941 39 1944 ,
109 1921 151 1952 25
172 1900 335 1941 Lueian
374 1900 631 1941 Hermobim.
669 1903 720 1942 59
754 1900 828 1942 καὶ
862 1899 904 1940 οἱ
939 1899 1184 1955 φιλόσοφοι
1220 1900 1507 1943 ἀποδίδονται
1542 1900 1596 1943 τὰ
1634 1918 1714 1954 μα-

174 1969 347 2023 θήματα
390 1968 539 2023 ὥσπερ
592 1969 632 2011 οἱ
679 1970 886 2020 κάπηλοι,
928 1967 1219 2025 κερασάμενοί
1253 1986 1303 2023 (γε
1348 1969 1390 2011 οἱ
1435 1970 1597 2012 ’πολλοὶ
1641 1972 1714 2012 καὶ

173 2039 448 2084 δολώσαντες
482 2040 555 2081 καὶ
587 2042 965 2094 κακομετροῦντες.

259 2124 297 2164 p.
322 2111 403 2150 130
426 2109 452 2149 l.
474 2111 527 2150 32
550 2120 812 2149 EXPRESSOR
843 2108 943 2149 here
967 2109 1075 2164 only.

259 2189 469 2219 FVRATOR
501 2176 573 2219 ἅπ.
598 2178 670 2233 εἰρ.

784 2297 889 2339 CAP.
929 2298 1102 2339 XLVII

106 2398 151 2429 30
258 2383 335 2426 Ch.
359 2395 490 2424 XLVII
522 2384 572 2425 cf.
594 2383 661 2424 De
685 2384 869 2425 Praeser.
893 2384 1021 2425 Haer.
1047 2383 1083 2425 7.

256 2469 295 2508 p.
315 2455 397 2494 130
419 2453 442 2493 l.
462 2454 515 2494 33
534 2453 779 2508 Argument
802 2453 907 2493 from
930 2452 1150 2508 antiquiby
1172 2468 1204 2494 c.
1230 2454 1282 2494 19
1305 2453 1391 2493 cod.
1416 2452 1537 2494 Fuld.
1599 2454 1646 2494 cf.
1671 2469 1708 2507 p.

171 2524 234 2563 62.
297 2523 362 2563 De
396 2523 577 2563 Praesor.
606 2522 734 2562 Haer.
766 2523 946 2563 29-32.
1008 2522 1118 2563 Adu.
1144 2522 1264 2563 Prax.
1296 2524 1319 2562 2
1352 2537 1390 2577 p.
1419 2523 1500 2563 229
1535 2522 1610 2564 ΚΓ.
1632 2522 1709 2565 bis,

170 2591 292 2631 Philo
325 2591 428 2632 Vita
459 2591 562 2631 Mos.
598 2602 633 2630 ΙΙ
668 2593 704 2632 4.
766 2591 934 2646 Ioseph.
967 2590 1113 2632 Conbr.
1146 2590 1300 2646 Apion.
1332 2602 1348 2631 Ι
1380 2605 1411 2631 C.
1446 2593 1509 2632 22.
1573 2590 1707 2633 Clem.

170 2660 290 2700 Alex.
313 2659 470 2700 Strom.
493 2671 507 2699 Ι
532 2662 584 2700 15
610 2657 630 2714 ξ
653 2659 716 2700 72.
751 2661 801 2699 21
833 2658 852 2715 ξ
875 2662 967 2700 101.
1004 2662 1056 2700 22
1083 2659 1102 2714 ξ
1126 2662 1218 2701 150.
1252 2671 1281 2699 V
1311 2661 1364 2700 14
1385 2658 1404 2716 ξ
1427 2662 1490 2702 98.
1553 2660 1706 2701 Iustin.

106 2745 149 2777 35
169 2728 289 2782 Apol.
314 2740 328 2768 Ι
352 2729 407 2768 44
428 2742 466 2782 p.
491 2730 563 2768 81e
585 2742 668 2782 seq.
701 2727 776 2769 καὶ
802 2727 961 2777 πάντα,
984 2727 1070 2769 ὅσα
1097 2728 1198 2782 περὶ
1225 2727 1471 2773 ἀθανασίας
1498 2731 1655 2784 ψυχῆς
1681 2728 1707 2781 ἢ

170 2800 386 2852 τιμωριῶν
413 2800 499 2839 τῶν
529 2796 640 2851 μετὰ
670 2798 857 2839 θάνατον
884 2797 910 2850 ἢ
940 2797 1120 2851 θεωρίας
1149 2796 1360 2851 οὐρανίων
1381 2797 1408 2851 ἢ
1435 2799 1523 2839 τῶν
1549 2796 1707 2851 ὁμοίων
