1827 3004
169 88 248 127 334
727 85 1127 126 TERTVLLIANI
1412 88 1471 141 [p.
1498 85 1599 127 881.
1624 88 1703 127 9-

171 215 305 254 reyem
336 215 498 255 ponere
534 199 606 241 sub
641 206 775 240 antro.
839 199 924 241 Cio.
960 200 1025 240 De
1068 200 1170 241 Nat.
1206 200 1330 241 Deor.
1367 211 1419 240 ΙΙΙ
1456 199 1507 240 17
1543 214 1601 254 sq.
1640 201 1704 239 21.

170 269 303 310 Clem.
336 269 457 309 Alex.
492 269 624 309 Proir.
658 283 689 308 c.
724 271 747 308 2
780 283 819 324 p.
853 270 906 308 24
941 269 982 309 P.
1044 269 1161 309 Lacb.
1194 268 1292 309 Diu.
1325 268 1489 309 Inst‘o.1
1526 271 1575 308 11
1599 266 1618 323 ξ
1639 270 1705 309 45.

172 340 221 377 21
247 336 265 392 ξ
287 339 339 378 37
364 352 447 392 seq.

257 417 377 446 AERA
418 417 710 446 CORYBANTIA
753 405 874 446 Lucr.
917 417 950 445 11
989 408 1071 447 633
1106 421 1164 460 sq.
1227 406 1332 446 Aen.
1377 417 1428 445 111
1469 407 1561 445 111.
1624 404 1704 445 Ou.

129 490 148 521 5
170 475 284 515 Fast.
318 486 366 515 IV
400 475 480 515 207
514 490 573 529 sq.
634 475 793 515 Arnob.
827 486 879 514 ΙΙΙ
913 477 977 515 41.
1040 475 1200 530 Hygin.
1234 475 1423 515 Fabulae
1459 476 1550 515 139.

256 559 293 599 p.
327 546 380 583 88
414 544 436 584 l.
473 546 525 584 10
558 555 771 584 NVTRICIS
803 544 962 585 Minue.
996 546 1046 584 21
1081 542 1100 599 ξ
1134 546 1186 585 10
1217 550 1254 585 et
1290 559 1394 598 quae
1430 544 1551 584 Iouis
1581 559 1703 585 sacra

169 613 293 653 sunt?
353 612 526 653 nutrix
559 612 725 667 capella
756 619 813 654 est
845 619 881 654 et
910 613 1038 653 auido
1059 613 1181 667 patri
1202 613 1635 667 subtrahiturinfans,
1658 628 1706 653 ne

170 687 363 722 voretur:
395 687 432 722 et
464 681 747 736 Corybantum
778 682 992 736 cymbalis,
1018 697 1063 723 ne
1089 687 1216 736 pater
1243 682 1395 723 audiat
1425 683 1605 736 uayitus,
1627 682 1706 723 tin-

169 751 282 791 nitus
308 750 492 791 eliditur.

109 836 150 858 10
256 834 293 874 p.
327 822 381 859 88
415 819 438 859 l.
473 821 524 858 12
564 830 676 859 IVNO
714 819 918 860 Prudent.
956 826 1086 860 contr.
1122 820 1283 875 Symm.
1322 831 1355 860 11
1394 822 1476 861 495
1514 821 1707 861 concessit

169 894 205 929 et
227 889 323 943 ipsa
343 887 454 927 Iuno
476 902 571 928 suos
593 888 800 942 Phryyz‘ts
821 889 982 929 seruire
1006 889 1216 942 nepotibus
1239 888 1385 942 Afros,
1407 895 1443 930 et
1465 904 1591 943 quam
1613 888 1704 929 sub-

168 958 285 999 iectis
306 957 523 998 dominam
545 957 637 998 Dea
656 957 845 1011 flentibus
874 973 969 1005 esse,
1001 958 1040 998 si
1072 973 1153 1012 qua
1175 958 1281 1013 fata
1312 959 1464 1006 sinant,
1497 959 1585 998 iam
1618 964 1702 999 tum

169 1027 377 1081 tenditque
411 1026 619 1080 sonetque,
656 1027 781 1068 iussit
822 1027 1041 1068 Romuleis
1091 1027 1312 1068 addictam
1362 1028 1506 1068 uiuere
1547 1027 1701 1082 frenis.

169 1097 263 1137 qu.
299 1099 350 1137 16
385 1098 409 1137 6
442 1111 480 1137 n.
544 1096 659 1137 Lact.
692 1096 791 1137 Diu.
824 1096 952 1138 Instb.
987 1109 999 1136 Ι
1036 1099 1086 1137 15
1119 1094 1137 1151 ξ
1170 1099 1193 1138 9
1227 1098 1416 1138 Athenae
1448 1096 1704 1145 Mineruam,

107 1179 148 1210 15
168 1167 318 1207 Samos
358 1166 576 1207 Iunonem.
638 1166 766 1221 Apul.
800 1166 974 1207 Metam.
1009 1178 1056 1206 VI
1090 1168 1116 1206 4
1147 1166 1276 1218 (Flor.
1309 1165 1328 1221 ξ
1360 1169 1412 1207 15
1446 1168 1521 1218 (3))
1552 1166 1706 1220 sslayni

167 1235 290 1276 Iouis
319 1249 527 1289 ssermana
557 1240 594 1276 et
620 1235 808 1288 coniuya,
836 1235 927 1275 siue
959 1241 1002 1275 tu
1032 1234 1166 1282 Sami,
1189 1250 1296 1289 quae
1317 1235 1408 1276 sola
1425 1241 1558 1290 partu
1582 1235 1703 1289 παρί-

169 1311 291 1359 tuque
313 1310 349 1345 et
371 1304 579 1345 alimonia
602 1310 675 1345 tua
695 1304 1072 1358 9loriatur,...siue
1094 1304 1224 1345 celsae
1248 1304 1529 1358 Carthayinis.

254 1388 293 1428 p.
326 1376 380 1413 88
412 1373 436 1414 l.
471 1375 524 1413 14
556 1384 680 1420 QVOD
712 1384 849 1414 SCIAM
880 1388 912 1414 c.
937 1375 989 1414 ‘23
1011 1373 1081 1413 fin.
1105 1388 1143 1414 n.

254 1458 290 1498 p.
325 1445 379 1484 88
412 1443 435 1483 1.
470 1445 522 1483 22
556 1454 847 1483 DESTINATVM
880 1443 972 1484 Liu.
997 1443 1116 1485 Curta.
1141 1443 1238 1485 Sen.
1261 1444 1356 1485 Tac.
1380 1443 1499 1485 Suet.

103 1531 149 1554 20
254 1527 290 1567 p.
325 1514 378 1552 88
412 1511 434 1552 l.
469 1513 522 1552 23
564 1523 711 1552 LVPAE
754 1512 808 1552 ad
850 1518 936 1553 nat.
980 1523 995 1552 Ι
1029 1514 1055 1552 4
1092 1527 1130 1567 p.
1167 1514 1219 1553 64
1256 1513 1278 1554 l.
1319 1515 1371 1554 29
1412 1512 1533 1553 Wiss.
1572 1524 1605 1552 ΙΙ
1651 1515 1702 1552 10

167 1596 204 1637 p.
230 1584 312 1623 113
335 1582 358 1622 l.
383 1583 433 1621 11
461 1581 582 1621 Wiss.
647 1581 804 1622 Arnob.
822 1593 871 1621 IV
894 1583 930 1622 3.
992 1581 1108 1622 Lact.
1132 1593 1147 1622 Ι
1173 1583 1225 1622 20
1246 1580 1265 1637 ξ
1288 1584 1322 1623 1.
1385 1581 1471 1623 Cic..
1495 1581 1586 1622 Liu.
1606 1581 1702 1622 qu.

254 1660 548 1690 LARENTINAE
579 1664 610 1690 ο.
636 1652 688 1690 13
710 1665 749 1705 p.
773 1651 826 1691 46
851 1650 873 1690 l.
897 1652 961 1691 30.
1025 1650 1141 1691 Laeta.
1165 1662 1180 1690 1
1205 1652 1259 1691 20
1280 1648 1299 1706 ξ
1322 1652 1357 1692 2.

253 1733 291 1773 p.
325 1720 378 1759 88
411 1719 434 1759 1.
468 1720 519 1759 31
555 1729 902 1758 INCIDERENTVR
934 1733 967 1759 c.
1001 1721 1054 1760 50
1086 1734 1123 1774 p.
1143 1734 1195 1759 m.
1232 1718 1440 1773 imayines
1474 1718 1703 1760 inscribitis

168 1794 204 1830 et
226 1788 369 1829 titulos
390 1787 581 1829 inciditis
602 1788 647 1827 in
664 1788 965 1829 aeter-nitatem.

104 1874 146 1905 25
254 1873 292 1913 p.
326 1860 380 1898 88
412 1858 436 1898 1.
469 1859 523 1898 32
556 1869 915 1898 RELIGIOSITATIS
946 1858 999 1898 ad
1030 1865 1115 1900 nat.
1146 1870 1179 1899 11
1215 1861 1265 1899 17
1299 1873 1337 1913 p.
1366 1860 1447 1899 132
1477 1858 1500 1898 l.
1529 1860 1553 1899 6
1580 1857 1700 1898 Wiss.

165 1933 337 1968 seruant
368 1926 509 1968 urbem
540 1927 724 1968 Romam
755 1927 829 1981 qui
853 1942 953 1968 suas
980 1927 1272 1981 perdiderunt,
1295 1927 1334 1967 si
1354 1927 1426 1968 lzoc
1447 1927 1703 1980 reliyiositas

167 1995 365 2036 Romana
386 1995 549 2036 meruit.
612 1995 734 2049 atqui
755 2009 834 2036 non
849 2001 946 2049 post
965 2010 1175 2036 summum
1197 1995 1427 2049 imperium
1448 1995 1584 2036 auctis
1611 1997 1697 2035 iam

166 2063 285 2105 rebus
314 2063 558 2118 superstitio
591 2064 785 2118 quaesita
816 2066 907 2105 est?
969 2065 1046 2105 etsi
1077 2079 1103 2105 a
1134 2064 1284 2105 Numa
1312 2079 1437 2105 sacra
1459 2063 1703 2105 introducta

165 2140 270 2182 sunt,
293 2133 479 2174 nondum
510 2137 649 2174 tamen
683 2139 757 2174 aut
787 2133 1033 2175 simulacris
1064 2139 1138 2174 aut
1166 2134 1332 2188 templis
1359 2149 1425 2175 res
1452 2140 1615 2174 vuestras
1636 2133 1699 2173 di-

104 2222 147 2253 30
166 2203 268 2242 uina
279 2201 566 2257 frustrabant.
611 2201 739 2256 fruyi
754 2202 905 2256 reliyio
924 2208 961 2243 et
976 2203 1238 2257 paupertina
1253 2202 1493 2257 superstitio
1501 2217 1515 2251 ‚⁰
1537 2202 1697 2242 altaria

166 2272 394 2313 temeraria
425 2277 462 2312 et
493 2286 600 2312 'uasa
631 2272 810 2313 sordida
839 2277 875 2313 et
903 2272 1029 2313 nidor
1051 2287 1221 2327 paruus
1242 2287 1290 2313 ex
1314 2272 1405 2313 illis
1426 2277 1463 2313 et
1491 2272 1592 2313 deus
1613 2272 1701 2326 ipse

164 2356 382 2396 nusquam.

252 2421 359 2451 POST
391 2409 615 2464 Scorpiace
647 2424 678 2450 c.
706 2412 753 2449 11
789 2424 827 2465 p.
853 2411 934 2460 52,ss
969 2409 1138 2458 Oehler,
1161 2410 1265 2450 with
1299 2416 1399 2450 note
1432 2409 1458 2449 d
1488 2414 1542 2461 (=
1559 2424 1597 2464 p.
1616 2408 1698 2449 170

167 2479 189 2519 l.
210 2481 261 2518 22
286 2478 440 2531 117135).

102 2564 145 2595 35
252 2563 290 2602 p.
323 2550 377 2587 88
410 2548 432 2587 l.
466 2549 520 2589 34
556 2558 687 2587 NVMA
724 2562 755 2588 c.
795 2549 845 2588 21
885 2548 1129 2602 Pompilius
1170 2548 1328 2596 Numa,
1371 2549 1446 2602 qui
1486 2547 1699 2589 Romanos

166 2617 468 2670 operosissimis
500 2616 866 2671 superstitionibus
903 2618 1104 2658 onerauit.
1167 2617 1233 2657 De
1267 2617 1449 2657 Praeser.
1482 2616 1609 2657 Haer.
1643 2618 1698 2657 40

165 2686 202 2725 si
231 2684 402 2726 Numae
431 2686 744 2739 superstitiones
777 2686 1056 2735 reuoluamus,
1077 2687 1117 2727 si
1147 2686 1432 2728 sacerdotalia
1458 2686 1603 2740 officia,
1632 2686 1697 2726 in-

165 2753 307 2807 siynia
329 2759 365 2794 et
380 2754 631 2808 priuileyia,
654 2754 692 2795 si
722 2754 981 2809 sacrificalia
1013 2755 1248 2796 ministeriu
1283 2760 1319 2796 et
1349 2755 1629 2796 instrumenta
1662 2761 1699 2795 et
