1827 3004
113 63 166 102 96
682 62 1081 102 TERTVLLIANI

111 175 229 225 toris,
257 176 358 230 quia
381 176 476 216 illos
499 190 584 215 non
610 175 846 216 subicimus
868 175 996 216 rebus
1020 176 1119 226 suis,
1147 177 1248 230 quia
1273 192 1360 218 non
1383 177 1573 218 ludimus
1597 178 1650 219 de

113 248 250 289 officio
280 249 431 289 salutis
458 249 650 302 ipsorum
681 248 753 302 qui
784 262 879 288 eam
907 263 994 289 non
1023 254 1230 303 putamus
1258 250 1298 290 in
1331 250 1532 291 manibus
1561 265 1650 292 esse

110 322 361 375 plumbatis.
423 321 505 361 Sed
531 336 609 361 uos
633 321 876 376 inreligiosi,
905 322 978 375 qui
1005 336 1099 362 eam
1126 323 1333 377 quaeritis
1357 323 1432 364 ubi
1456 338 1543 364 non
1570 330 1647 374 est,

110 394 258 448 petitis
278 409 303 434 a
323 394 480 448 quibus
499 394 591 434 dari
610 408 697 435 non
717 399 875 448 potest,
897 396 1131 449 praeterito
1152 409 1200 436 eo
1220 396 1264 436 in
1284 396 1404 437 cuius
1424 402 1489 437 est
1508 402 1648 451 potes-

110 472 215 508 tate.
276 467 458 521 Insuper
485 481 555 507 eos
582 467 808 508 debellatis
835 467 909 521 qui
937 481 1031 508 eam
1058 468 1201 509 sciunt
1228 474 1385 522 petere,
1416 470 1489 523 qui
1517 470 1647 511 etiam
1668 483 1688 514 5

108 546 292 594 possunt
312 540 557 594 impetrare,
583 540 688 580 dum
711 540 854 581 sciunt
875 546 1032 594 petere.

191 670 264 712 30.
324 670 414 710 Nos
449 670 561 710 enim
596 684 674 724 pro
709 670 849 710 salute
882 670 1195 724 imperatorum
1231 672 1360 712 deum
1394 672 1649 714 inuocamus

109 749 346 792 aeternum,
371 743 500 784 deum
522 757 686 792 uerum,
711 743 840 783 deum
861 743 1025 793 uiuum,
1050 758 1179 798 quem
1201 750 1245 786 et
1265 745 1346 799 ipsi
1366 745 1648 800 imperatores

108 817 345 871 propitium
367 816 447 857 sibi
468 821 640 871 praeter
661 821 825 856 ceteros
846 816 1029 857 malunt.
1090 817 1241 858 Sciunt
1263 819 1358 872 quis
1378 819 1460 859 illis
1481 819 1649 860 dederit

106 890 349 944 imperium,
377 889 532 939 sciunt,
561 904 646 943 qua
672 889 879 939 homines,
908 890 1004 943 quis
1029 895 1073 930 et
1097 891 1300 940 animam,
1329 892 1524 933 sentiunt
1549 906 1647 933 eum
1669 905 1713 929 10

109 977 198 1004 esse
232 963 361 1003 deum
397 963 536 1003 solum
570 963 615 1003 in
651 963 771 1003 cuius
806 962 937 1003 solius
971 968 1191 1017 potestate
1226 970 1340 1013 sunt,
1379 979 1403 1005 a
1439 980 1525 1019 quo
1561 966 1648 1006 sint

107 1036 296 1085 secundi,
331 1041 431 1090 post
464 1049 592 1089 quem
625 1035 764 1089 primi,
800 1041 902 1076 ante
935 1050 1083 1076 omnes
1116 1041 1159 1077 et
1190 1051 1318 1091 super
1350 1051 1498 1078 omnes
1530 1038 1644 1079 deos.

109 1109 294 1158 Quidni?
324 1123 422 1149 cum
440 1122 567 1163 super
584 1122 733 1149 omnes
750 1108 957 1158 homines,
975 1109 1047 1163 qui
1064 1109 1216 1163 utique
1232 1110 1392 1151 uiuunt
1408 1116 1452 1152 et
1464 1111 1647 1152 mortuis

107 1182 336 1223 antistant.
396 1182 660 1237 Recogitant
691 1195 916 1235 quousque
945 1181 1057 1222 uires
1086 1182 1254 1236 imperii
1285 1183 1350 1223 sui
1381 1183 1569 1233 ualeant,
1604 1189 1647 1225 et

105 1256 169 1296 ita
196 1255 325 1296 deum
351 1255 631 1310 intelleguntg
675 1254 883 1295 aduersus
909 1268 1038 1308 quem
1065 1255 1208 1295 ualere
1234 1270 1321 1297 non
1347 1262 1542 1310 possunt,
1571 1271 1646 1311 per
1667 1272 1710 1305 15

107 1343 205 1370 eum
227 1328 370 1369 ualere
393 1342 437 1369 se
459 1333 737 1383 cognoscunt.
789 1327 963 1368 Caelum
980 1327 1167 1382 denique
1188 1328 1374 1370 debellet
1394 1329 1642 1384 imperator,

107 1402 273 1442 caelum
297 1401 521 1456 captiuum
545 1400 768 1455 triumpho
792 1415 868 1441 suo
891 1400 1084 1450 inuehat,
1112 1401 1228 1442 caelo
1252 1402 1404 1443 mittat
1427 1403 1642 1453 excubias,

107 1475 223 1515 caelo
248 1474 478 1529 uectigalia
502 1474 713 1528 imponat.
773 1473 873 1514 Non
897 1478 1055 1527 potest.
1116 1474 1220 1514 Ideo
1246 1489 1429 1530 magnus
1454 1481 1519 1517 est
1544 1477 1644 1531 quia

106 1548 223 1588 caelo
255 1548 395 1588 minor
426 1552 503 1588 est.
564 1547 686 1587 Illius
717 1547 830 1587 enim
863 1552 928 1587 est
957 1546 1049 1600 ipse
1081 1547 1201 1587 cuius
1233 1552 1277 1588 et
1308 1548 1474 1589 caelum
1506 1554 1571 1590 est
1603 1555 1647 1591 et

106 1621 245 1663 omnis
273 1626 483 1662 creatura.
543 1620 653 1661 Inde
680 1625 746 1661 est
771 1620 1008 1674 imperator
1035 1620 1151 1661 unde
1179 1626 1223 1661 et
1250 1621 1379 1662 homo
1407 1628 1644 1677 antequam
1666 1638 1711 1662 20

103 1695 352 1749 imperator,
373 1694 474 1735 inde
493 1698 689 1748 potestas
707 1693 767 1734 illi
787 1693 903 1734 unde
923 1698 966 1734 et
985 1693 1174 1747 spiritus.
1236 1694 1344 1735 Illuc
1363 1695 1644 1750 suspicientes

105 1767 335 1809 Christiani
364 1767 567 1808 manibus
595 1766 808 1821 expansis,
840 1766 941 1820 quia
969 1766 1178 1816 innocuis,
1210 1767 1352 1821 capite
1380 1768 1510 1818 nudo,
1542 1770 1644 1823 quia

104 1855 191 1881 non
209 1841 510 1890 erubescimus,
529 1840 714 1894 denique
730 1839 820 1880 sine
835 1840 1061 1889 monitore,
1080 1840 1182 1894 quia
1197 1839 1251 1880 de
1266 1846 1439 1894 pectore
1455 1856 1640 1891 oramus,

105 1919 331 1968 precantes
363 1928 513 1954 sumus
545 1927 712 1967 semper
744 1927 821 1967 pro
855 1912 1056 1953 omnibus
1087 1912 1434 1966 imperatoribus.
1494 1915 1642 1956 Vitam

103 1987 185 2028 illis
224 1987 449 2041 prolixam,
490 1987 719 2041 imperium
759 1994 968 2033 securum,
1011 1986 1189 2027 domum
1229 1992 1386 2037 tutam,
1429 1989 1641 2030 exercitus
1662 2005 1705 2038 25

103 2060 249 2110 fortes,
290 2066 490 2101 senatum
528 2060 712 2108 fidelem,
753 2059 963 2113 populum
1002 2059 1199 2113 probum,
1241 2060 1389 2101 orbem
1429 2062 1638 2115 quietum,

105 2147 387 2187 quaecunque
415 2133 600 2173 hominis
628 2137 672 2173 et
699 2132 889 2173 Caesaris
916 2137 1021 2172 uota
1049 2138 1163 2182 sunt,
1194 2132 1299 2173 haec
1326 2133 1380 2174 ab
1409 2133 1492 2174 alio
1520 2149 1640 2175 orare

103 2220 190 2247 non
220 2221 395 2260 possum
428 2220 560 2260 quam
590 2220 615 2246 a
647 2220 732 2259 quo
764 2219 832 2245 me
862 2205 948 2246 8010
981 2210 1325 2255 001188011111111111,
1359 2207 1565 2260 quoniam
1596 2213 1640 2248 et

102 2279 193 2333 ipse
222 2285 286 2320 est
315 2280 388 2333 qui
417 2280 532 2320 solus
560 2284 755 2333 praestat
783 2284 827 2319 et
856 2292 932 2333 ego
961 2293 1057 2319 sum
1086 2279 1153 2319 cui
1181 2279 1413 2333 impetrare
1441 2280 1636 2330 debetur,

102 2352 290 2393 famulus
320 2353 421 2402 eius,
455 2352 527 2406 qui
559 2366 657 2392 eum
687 2351 801 2392 801118
831 2351 1025 2400 obserUO,
1058 2352 1131 2405 qui
1161 2357 1338 2406 propter
1367 2352 1637 2407 disciplinam
1658 2371 1703 2403 30

103 2426 191 2465 eius
220 2426 401 2475 occidor,
433 2426 506 2479 qui
536 2425 572 2465 ei
601 2425 733 2465 offero
762 2424 954 2478 opimam
983 2430 1026 2465 et
1054 2424 1260 2465 maiorem
1289 2425 1476 2466 hostiam
1505 2440 1637 2480 quam

100 2498 191 2551 ipse
213 2498 453 2547 mandauit,
479 2497 719 2538 orationem
742 2497 795 2537 de
817 2511 944 2537 carne
966 2497 1136 2551 pudica,
1161 2497 1214 2537 de
1236 2497 1380 2538 anima
1401 2498 1634 2548 innocenti,

102 2570 154 2610 de
194 2570 347 2624 spiritu
387 2576 537 2611 sancto
578 2569 830 2624 profectam,
872 2584 959 2610 non
999 2584 1132 2625 grana
1172 2570 1311 2611 thuris
1350 2571 1476 2611 unius
1516 2572 1633 2621 assis,

101 2643 309 2683 Arabicae
331 2643 494 2683 arboris
513 2643 724 2691 lacrimas,
748 2657 825 2683 nec
847 2643 955 2684 duas
976 2643 1079 2683 meri
1100 2648 1261 2697 guttas,
1284 2657 1362 2684 nec
1383 2644 1635 2699 sanguinem

100 2715 268 2769 reprobi
291 2716 414 2756 bouis
437 2716 543 2756 mori
567 2716 772 2770 optantis,
798 2721 842 2756 et
863 2721 963 2770 post
985 2716 1128 2757 omnia
1150 2716 1479 2770 inquinamenta
1502 2717 1632 2758 etiam
1654 2732 1697 2764 35
