<?xml version="1.0" encoding="UTF-8"?>
<!DOCTYPE html PUBLIC "-//W3C//DTD XHTML 1.0 Transitional//EN"
    "http://www.w3.org/TR/xhtml1/DTD/xhtml1-transitional.dtd">
<html xmlns="http://www.w3.org/1999/xhtml" xml:lang="en" lang="en">
 <head>
  <title>
</title>
<meta http-equiv="Content-Type" content="text/html;charset=utf-8" />
  <meta name='ocr-system' content='tesseract 3.04.00' />
  <meta name='ocr-capabilities' content='ocr_page ocr_carea ocr_par ocr_line ocrx_word'/>
</head>
<body>
  <div class='ocr_page' id='page_1' title='image "apologeticustext00tertuoft_0156.png"; bbox 0 0 1827 3004; ppageno 0'>
   <div class='ocr_carea' id='block_1_1' title="bbox 170 71 1131 115">
    <p class='ocr_par' dir='ltr' id='par_1_1' title="bbox 170 71 1131 115">
     <span class='ocr_line' id='line_1_1' title="bbox 170 71 1131 115; baseline -0.004 0"><span class='ocrx_word' id='word_1_1' title='bbox 170 76 246 115; x_wconf 84' lang='lat'>132</span> <span class='ocrx_word' id='word_1_2' title='bbox 733 71 1131 112; x_wconf 87' lang='lat' dir='ltr'><strong>TERTVLLIANI</strong></span> 
     </span>
    </p>
   </div>
   <div class='ocr_carea' id='block_1_2' title="bbox 162 184 1701 1357">
    <p class='ocr_par' dir='ltr' id='par_1_2' title="bbox 162 184 1701 1357">
     <span class='ocr_line' id='line_1_2' title="bbox 167 184 1701 243; baseline -0.003 -14"><span class='ocrx_word' id='word_1_3' title='bbox 167 188 337 243; x_wconf 87' lang='lat' dir='ltr'>proficit</span> <span class='ocrx_word' id='word_1_4' title='bbox 367 187 606 241; x_wconf 70' lang='lat' dir='ltr'>antiquitas</span> <span class='ocrx_word' id='word_1_5' title='bbox 637 190 907 240; x_wconf 87' lang='lat' dir='ltr'>praestructa</span> <span class='ocrx_word' id='word_1_6' title='bbox 939 185 1111 226; x_wconf 89' lang='lat' dir='ltr'>diuinae</span> <span class='ocrx_word' id='word_1_7' title='bbox 1142 185 1425 234; x_wconf 73' lang='lat' dir='ltr'>litteraturae,</span> <span class='ocrx_word' id='word_1_8' title='bbox 1460 199 1545 239; x_wconf 93' lang='lat' dir='ltr'>quo</span> <span class='ocrx_word' id='word_1_9' title='bbox 1576 184 1701 224; x_wconf 81' lang='lat' dir='ltr'>facile</span> 
     </span>
     <span class='ocr_line' id='line_1_3' title="bbox 167 264 1697 318; baseline -0.003 -10"><span class='ocrx_word' id='word_1_10' title='bbox 167 267 367 308; x_wconf 89' lang='lat' dir='ltr'>credatur</span> <span class='ocrx_word' id='word_1_11' title='bbox 404 266 655 307; x_wconf 87' lang='lat' dir='ltr'>thesaurum</span> <span class='ocrx_word' id='word_1_12' title='bbox 695 279 789 304; x_wconf 90' lang='lat' dir='ltr'>eam</span> <span class='ocrx_word' id='word_1_13' title='bbox 827 264 957 304; x_wconf 75' lang='lat' dir='ltr'>fuisse</span> <span class='ocrx_word' id='word_1_14' title='bbox 994 265 1219 318; x_wconf 79' lang='lat' dir='ltr'>posteriori</span> <span class='ocrx_word' id='word_1_15' title='bbox 1258 265 1411 318; x_wconf 90' lang='lat' dir='ltr'>cuique</span> <span class='ocrx_word' id='word_1_16' title='bbox 1448 264 1697 318; x_wconf 81' lang='lat' dir='ltr'>sapientiae.</span> 
     </span>
     <span class='ocr_line' id='line_1_4' title="bbox 168 344 1701 398; baseline -0.002 -11"><span class='ocrx_word' id='word_1_17' title='bbox 168 347 227 388; x_wconf 88' lang='lat' dir='ltr'>Et</span> <span class='ocrx_word' id='word_1_18' title='bbox 248 347 282 387; x_wconf 91' lang='lat' dir='ltr'>si</span> <span class='ocrx_word' id='word_1_19' title='bbox 304 361 391 387; x_wconf 90' lang='lat' dir='ltr'>non</span> <span class='ocrx_word' id='word_1_20' title='bbox 414 360 522 386; x_wconf 91' lang='lat' dir='ltr'>onus</span> <span class='ocrx_word' id='word_1_21' title='bbox 544 346 630 385; x_wconf 91' lang='lat' dir='ltr'>iam</span> <span class='ocrx_word' id='word_1_22' title='bbox 654 344 885 385; x_wconf 89' lang='lat' dir='ltr'>uoluminis</span> <span class='ocrx_word' id='word_1_23' title='bbox 908 349 1207 398; x_wconf 81' lang='lat' dir='ltr'>temperarem,</span> <span class='ocrx_word' id='word_1_24' title='bbox 1234 358 1501 385; x_wconf 76' lang='lat' dir='ltr'>excurrerem</span> <span class='ocrx_word' id='word_1_25' title='bbox 1522 344 1567 385; x_wconf 93' lang='lat' dir='ltr'>in</span> <span class='ocrx_word' id='word_1_26' title='bbox 1589 344 1701 384; x_wconf 91' lang='lat' dir='ltr'>hanc</span> 
     </span>
     <span class='ocr_line' id='line_1_5' title="bbox 167 424 1699 481; baseline -0.002 -14"><span class='ocrx_word' id='word_1_27' title='bbox 167 441 339 481; x_wconf 89' lang='lat' dir='ltr'>quoque</span> <span class='ocrx_word' id='word_1_28' title='bbox 370 426 684 480; x_wconf 86' lang='lat' dir='ltr'>probationem.</span> <span class='ocrx_word' id='word_1_29' title='bbox 747 424 851 473; x_wconf 81' lang='lat' dir='ltr'>Quis</span> <span class='ocrx_word' id='word_1_30' title='bbox 883 429 1123 478; x_wconf 77' lang='lat' dir='ltr'>poetarum,</span> <span class='ocrx_word' id='word_1_31' title='bbox 1159 425 1255 478; x_wconf 92' lang='lat' dir='ltr'>quis</span> <span class='ocrx_word' id='word_1_32' title='bbox 1287 424 1591 478; x_wconf 78' lang='lat' dir='ltr'>sophistarum,</span> <span class='ocrx_word' id='word_1_33' title='bbox 1627 424 1699 478; x_wconf 91' lang='lat' dir='ltr'>qui</span> 
     </span>
     <span class='ocr_line' id='line_1_6' title="bbox 165 503 1700 559; baseline -0.002 -13"><span class='ocrx_word' id='word_1_34' title='bbox 165 521 252 546; x_wconf 89' lang='lat' dir='ltr'>non</span> <span class='ocrx_word' id='word_1_35' title='bbox 293 505 467 546; x_wconf 87' lang='lat' dir='ltr'>omnino</span> <span class='ocrx_word' id='word_1_36' title='bbox 509 505 561 545; x_wconf 93' lang='lat' dir='ltr'>de</span> <span class='ocrx_word' id='word_1_37' title='bbox 602 504 912 559; x_wconf 88' lang='lat' dir='ltr'>prophetarum</span> <span class='ocrx_word' id='word_1_38' title='bbox 954 504 1074 544; x_wconf 70' lang='lat' dir='ltr'>fonte</span> <span class='ocrx_word' id='word_1_39' title='bbox 1114 503 1360 558; x_wconf 69' lang='lat' dir='ltr'>potauerit?</span> <span class='ocrx_word' id='word_1_40' title='bbox 1422 503 1530 543; x_wconf 91' lang='lat' dir='ltr'>Inde</span> <span class='ocrx_word' id='word_1_41' title='bbox 1569 503 1700 557; x_wconf 90' lang='lat' dir='ltr'>igitur</span> 
     </span>
     <span class='ocr_line' id='line_1_7' title="bbox 165 583 1700 640; baseline -0.002 -14"><span class='ocrx_word' id='word_1_42' title='bbox 165 585 407 640; x_wconf 86' lang='lat' dir='ltr'>philosophi</span> <span class='ocrx_word' id='word_1_43' title='bbox 447 585 564 626; x_wconf 85' lang='lat' dir='ltr'>sitim</span> <span class='ocrx_word' id='word_1_44' title='bbox 602 584 761 639; x_wconf 85' lang='lat' dir='ltr'>ingenii</span> <span class='ocrx_word' id='word_1_45' title='bbox 801 585 866 625; x_wconf 91' lang='lat' dir='ltr'>sui</span> <span class='ocrx_word' id='word_1_46' title='bbox 906 585 1168 639; x_wconf 86' lang='lat' dir='ltr'>rigauerunt,</span> <span class='ocrx_word' id='word_1_47' title='bbox 1211 589 1261 625; x_wconf 92' lang='lat' dir='ltr'>ut</span> <span class='ocrx_word' id='word_1_48' title='bbox 1300 598 1411 638; x_wconf 89' lang='lat' dir='ltr'>quae</span> <span class='ocrx_word' id='word_1_49' title='bbox 1450 583 1504 624; x_wconf 91' lang='lat' dir='ltr'>de</span> <span class='ocrx_word' id='word_1_50' title='bbox 1542 583 1700 624; x_wconf 89' lang='lat' dir='ltr'>nostris</span> 
     </span>
     <span class='ocr_line' id='line_1_8' title="bbox 166 662 1699 718; baseline -0.001 -13"><span class='ocrx_word' id='word_1_51' title='bbox 166 664 340 714; x_wconf 88' lang='lat' dir='ltr'>habent,</span> <span class='ocrx_word' id='word_1_52' title='bbox 372 679 421 705; x_wconf 90' lang='lat' dir='ltr'>ea</span> <span class='ocrx_word' id='word_1_53' title='bbox 448 679 525 705; x_wconf 92' lang='lat' dir='ltr'>nos</span> <span class='ocrx_word' id='word_1_54' title='bbox 553 669 790 718; x_wconf 79' lang='lat' dir='ltr'>conparent</span> <span class='ocrx_word' id='word_1_55' title='bbox 816 664 910 704; x_wconf 89' lang='lat' dir='ltr'>illis.</span> <span class='ocrx_word' id='word_1_56' title='bbox 971 664 1091 713; x_wconf 90' lang='lat' dir='ltr'>Inde,</span> <span class='ocrx_word' id='word_1_57' title='bbox 1122 664 1285 718; x_wconf 85' lang='lat' dir='ltr'>opinor,</span> <span class='ocrx_word' id='word_1_58' title='bbox 1315 669 1360 704; x_wconf 90' lang='lat' dir='ltr'>et</span> <span class='ocrx_word' id='word_1_59' title='bbox 1386 677 1411 704; x_wconf 91' lang='lat' dir='ltr'>a</span> <span class='ocrx_word' id='word_1_60' title='bbox 1439 662 1699 717; x_wconf 83' lang='lat' dir='ltr'>quibusdam</span> 
     </span>
     <span class='ocr_line' id='line_1_9' title="bbox 166 743 1699 799; baseline -0.001 -14"><span class='ocrx_word' id='word_1_61' title='bbox 166 745 436 799; x_wconf 83' lang='lat' dir='ltr'>philosophia</span> <span class='ocrx_word' id='word_1_62' title='bbox 462 759 634 799; x_wconf 91' lang='lat' dir='ltr'>quoque</span> <span class='ocrx_word' id='word_1_63' title='bbox 661 745 795 785; x_wconf 91' lang='lat' dir='ltr'>eiecta</span> <span class='ocrx_word' id='word_1_64' title='bbox 822 750 898 794; x_wconf 89' lang='lat' dir='ltr'>est,</span> <span class='ocrx_word' id='word_1_65' title='bbox 927 759 952 784; x_wconf 89' lang='lat' dir='ltr'>a</span> <span class='ocrx_word' id='word_1_66' title='bbox 978 744 1187 785; x_wconf 88' lang='lat' dir='ltr'>Thebaeis</span> <span class='ocrx_word' id='word_1_67' title='bbox 1213 745 1321 794; x_wconf 87' lang='lat' dir='ltr'>dico,</span> <span class='ocrx_word' id='word_1_68' title='bbox 1350 749 1393 785; x_wconf 92' lang='lat' dir='ltr'>et</span> <span class='ocrx_word' id='word_1_69' title='bbox 1418 758 1443 784; x_wconf 93' lang='lat' dir='ltr'>a</span> <span class='ocrx_word' id='word_1_70' title='bbox 1469 743 1699 798; x_wconf 79' lang='lat' dir='ltr'>Spartiatis</span> 
     </span>
     <span class='ocr_line' id='line_1_10' title="bbox 166 824 1699 879; baseline -0.001 -14"><span class='ocrx_word' id='word_1_71' title='bbox 166 830 209 865; x_wconf 91' lang='lat' dir='ltr'>et</span> <span class='ocrx_word' id='word_1_72' title='bbox 243 825 424 879; x_wconf 89' lang='lat' dir='ltr'>Argiuis,</span> <span class='ocrx_word' id='word_1_73' title='bbox 461 825 565 865; x_wconf 91' lang='lat' dir='ltr'>dum</span> <span class='ocrx_word' id='word_1_74' title='bbox 601 824 656 865; x_wconf 88' lang='lat' dir='ltr'>ad</span> <span class='ocrx_word' id='word_1_75' title='bbox 690 829 839 865; x_wconf 89' lang='lat' dir='ltr'>nostra</span> <span class='ocrx_word' id='word_1_76' title='bbox 874 829 1099 873; x_wconf 90' lang='lat' dir='ltr'>conantur,</span> <span class='ocrx_word' id='word_1_77' title='bbox 1137 829 1180 865; x_wconf 87' lang='lat' dir='ltr'>et</span> <span class='ocrx_word' id='word_1_78' title='bbox 1214 824 1408 865; x_wconf 89' lang='lat' dir='ltr'>homines</span> <span class='ocrx_word' id='word_1_79' title='bbox 1441 824 1612 879; x_wconf 86' lang='lat' dir='ltr'>gloriae,</span> <span class='ocrx_word' id='word_1_80' title='bbox 1649 829 1699 864; x_wconf 90' lang='lat' dir='ltr'>ut</span> 
     </span>
     <span class='ocr_line' id='line_1_11' title="bbox 164 904 1699 959; baseline -0.001 -15"><span class='ocrx_word' id='word_1_81' title='bbox 164 905 364 954; x_wconf 77' lang='lat' dir='ltr'>diximus,</span> <span class='ocrx_word' id='word_1_82' title='bbox 407 910 450 945; x_wconf 87' lang='lat' dir='ltr'>et</span> <span class='ocrx_word' id='word_1_83' title='bbox 490 904 760 959; x_wconf 83' lang='lat' dir='ltr'>eloquentiae</span> <span class='ocrx_word' id='word_1_84' title='bbox 799 904 929 945; x_wconf 91' lang='lat' dir='ltr'>solius</span> <span class='ocrx_word' id='word_1_85' title='bbox 967 904 1196 954; x_wconf 81' lang='lat' dir='ltr'>libidinosi,</span> <span class='ocrx_word' id='word_1_86' title='bbox 1238 904 1272 945; x_wconf 91' lang='lat' dir='ltr'>si</span> <span class='ocrx_word' id='word_1_87' title='bbox 1312 904 1417 958; x_wconf 84' lang='lat' dir='ltr'>quid</span> <span class='ocrx_word' id='word_1_88' title='bbox 1454 904 1499 944; x_wconf 90' lang='lat' dir='ltr'>in</span> <span class='ocrx_word' id='word_1_89' title='bbox 1538 904 1699 944; x_wconf 89' lang='lat' dir='ltr'>sanctis</span> 
     </span>
     <span class='ocr_line' id='line_1_12' title="bbox 164 982 1698 1038; baseline 0 -15"><span class='ocrx_word' id='word_1_90' title='bbox 164 984 385 1038; x_wconf 88' lang='lat' dir='ltr'>scripturis</span> <span class='ocrx_word' id='word_1_91' title='bbox 411 983 686 1024; x_wconf 81' lang='lat' dir='ltr'>offenderunt</span> <span class='ocrx_word' id='word_1_92' title='bbox 712 984 900 1038; x_wconf 81' lang='lat' dir='ltr'>digestis,</span> <span class='ocrx_word' id='word_1_93' title='bbox 930 997 982 1024; x_wconf 84' lang='lat' dir='ltr'>ex</span> <span class='ocrx_word' id='word_1_94' title='bbox 1007 983 1180 1038; x_wconf 89' lang='lat' dir='ltr'>proprio</span> <span class='ocrx_word' id='word_1_95' title='bbox 1206 983 1410 1024; x_wconf 90' lang='lat' dir='ltr'>instituto</span> <span class='ocrx_word' id='word_1_96' title='bbox 1437 982 1698 1023; x_wconf 78' lang='lat' dir='ltr'>curiositatis</span> 
     </span>
     <span class='ocr_line' id='line_1_13' title="bbox 164 1064 1695 1118; baseline -0.001 -14"><span class='ocrx_word' id='word_1_97' title='bbox 164 1064 219 1104; x_wconf 91' lang='lat' dir='ltr'>ad</span> <span class='ocrx_word' id='word_1_98' title='bbox 246 1064 418 1118; x_wconf 87' lang='lat' dir='ltr'>propria</span> <span class='ocrx_word' id='word_1_99' title='bbox 446 1078 575 1118; x_wconf 91' lang='lat' dir='ltr'>opera</span> <span class='ocrx_word' id='word_1_100' title='bbox 603 1069 840 1113; x_wconf 88' lang='lat' dir='ltr'>uerterunt,</span> <span class='ocrx_word' id='word_1_101' title='bbox 869 1077 1009 1118; x_wconf 92' lang='lat' dir='ltr'>neque</span> <span class='ocrx_word' id='word_1_102' title='bbox 1036 1064 1142 1105; x_wconf 90' lang='lat' dir='ltr'>satis</span> <span class='ocrx_word' id='word_1_103' title='bbox 1169 1064 1390 1105; x_wconf 89' lang='lat' dir='ltr'>credentes</span> <span class='ocrx_word' id='word_1_104' title='bbox 1418 1064 1566 1104; x_wconf 89' lang='lat' dir='ltr'>diuina</span> <span class='ocrx_word' id='word_1_105' title='bbox 1594 1077 1695 1112; x_wconf 88' lang='lat' dir='ltr'>esse,</span> 
     </span>
     <span class='ocr_line' id='line_1_14' title="bbox 164 1143 1697 1199; baseline 0 -16"><span class='ocrx_word' id='word_1_106' title='bbox 164 1158 249 1196; x_wconf 91' lang='lat' dir='ltr'>quo</span> <span class='ocrx_word' id='word_1_107' title='bbox 282 1143 424 1184; x_wconf 89' lang='lat' dir='ltr'>minus</span> <span class='ocrx_word' id='word_1_108' title='bbox 456 1143 780 1197; x_wconf 88' lang='lat' dir='ltr'>interpolarent,</span> <span class='ocrx_word' id='word_1_109' title='bbox 816 1158 956 1198; x_wconf 89' lang='lat' dir='ltr'>neque</span> <span class='ocrx_word' id='word_1_110' title='bbox 989 1144 1094 1184; x_wconf 90' lang='lat' dir='ltr'>satis</span> <span class='ocrx_word' id='word_1_111' title='bbox 1126 1144 1436 1199; x_wconf 81' lang='lat' dir='ltr'>intellegentes,</span> <span class='ocrx_word' id='word_1_112' title='bbox 1472 1148 1523 1184; x_wconf 91' lang='lat' dir='ltr'>ut</span> <span class='ocrx_word' id='word_1_113' title='bbox 1556 1143 1697 1184; x_wconf 87' lang='lat' dir='ltr'>adhuc</span> 
     </span>
     <span class='ocr_line' id='line_1_15' title="bbox 162 1223 1697 1277; baseline 0.001 -15"><span class='ocrx_word' id='word_1_114' title='bbox 162 1228 267 1263; x_wconf 90' lang='lat' dir='ltr'>tunc</span> <span class='ocrx_word' id='word_1_115' title='bbox 286 1223 529 1272; x_wconf 85' lang='lat' dir='ltr'>subnubila,</span> <span class='ocrx_word' id='word_1_116' title='bbox 553 1223 685 1264; x_wconf 88' lang='lat' dir='ltr'>etiam</span> <span class='ocrx_word' id='word_1_117' title='bbox 704 1223 808 1277; x_wconf 89' lang='lat' dir='ltr'>ipsis</span> <span class='ocrx_word' id='word_1_118' title='bbox 828 1223 1000 1264; x_wconf 87' lang='lat' dir='ltr'>Iudaeis</span> <span class='ocrx_word' id='word_1_119' title='bbox 1021 1223 1295 1273; x_wconf 89' lang='lat' dir='ltr'>obumbrata,</span> <span class='ocrx_word' id='word_1_120' title='bbox 1319 1237 1503 1277; x_wconf 91' lang='lat' dir='ltr'>quorum</span> <span class='ocrx_word' id='word_1_121' title='bbox 1523 1223 1697 1277; x_wconf 88' lang='lat' dir='ltr'>propria</span> 
     </span>
     <span class='ocr_line' id='line_1_16' title="bbox 162 1302 1695 1357; baseline 0.001 -16"><span class='ocrx_word' id='word_1_122' title='bbox 162 1302 435 1343; x_wconf 87' lang='lat' dir='ltr'>uidebantur.</span> <span class='ocrx_word' id='word_1_123' title='bbox 495 1302 609 1343; x_wconf 89' lang='lat' dir='ltr'>Nam</span> <span class='ocrx_word' id='word_1_124' title='bbox 633 1308 676 1343; x_wconf 90' lang='lat' dir='ltr'>et</span> <span class='ocrx_word' id='word_1_125' title='bbox 698 1303 732 1343; x_wconf 90' lang='lat' dir='ltr'>si</span> <span class='ocrx_word' id='word_1_126' title='bbox 755 1317 841 1356; x_wconf 91' lang='lat' dir='ltr'>qua</span> <span class='ocrx_word' id='word_1_127' title='bbox 863 1303 1116 1357; x_wconf 87' lang='lat' dir='ltr'>simplicitas</span> <span class='ocrx_word' id='word_1_128' title='bbox 1140 1308 1233 1343; x_wconf 84' lang='lat' dir='ltr'>erat</span> <span class='ocrx_word' id='word_1_129' title='bbox 1254 1303 1464 1352; x_wconf 85' lang='lat' dir='ltr'>ueritatis,</span> <span class='ocrx_word' id='word_1_130' title='bbox 1490 1317 1538 1343; x_wconf 93' lang='lat' dir='ltr'>eo</span> <span class='ocrx_word' id='word_1_131' title='bbox 1561 1303 1695 1357; x_wconf 85' lang='lat' dir='ltr'>magis</span> 
     </span>
    </p>
   </div>
   <div class='ocr_carea' id='block_1_3' title="bbox 157 1383 1697 2460">
    <p class='ocr_par' dir='ltr' id='par_1_3' title="bbox 157 1383 1697 2460">
     <span class='ocr_line' id='line_1_17' title="bbox 161 1383 1695 1438; baseline 0.001 -16"><span class='ocrx_word' id='word_1_132' title='bbox 161 1383 468 1436; x_wconf 88' lang='lat' dir='ltr'>scrupulositas</span> <span class='ocrx_word' id='word_1_133' title='bbox 500 1383 691 1423; x_wconf 89' lang='lat' dir='ltr'>humana</span> <span class='ocrx_word' id='word_1_134' title='bbox 722 1383 852 1424; x_wconf 90' lang='lat' dir='ltr'>fidem</span> <span class='ocrx_word' id='word_1_135' title='bbox 885 1389 1115 1438; x_wconf 88' lang='lat' dir='ltr'>aspernata</span> <span class='ocrx_word' id='word_1_136' title='bbox 1148 1383 1364 1432; x_wconf 88' lang='lat' dir='ltr'>mutabat,</span> <span class='ocrx_word' id='word_1_137' title='bbox 1398 1397 1473 1437; x_wconf 86' lang='lat' dir='ltr'>per</span> <span class='ocrx_word' id='word_1_138' title='bbox 1505 1383 1622 1437; x_wconf 90' lang='lat' dir='ltr'>quod</span> <span class='ocrx_word' id='word_1_139' title='bbox 1652 1384 1695 1424; x_wconf 91' lang='lat' dir='ltr'>in</span> 
     </span>
     <span class='ocr_line' id='line_1_18' title="bbox 160 1468 1695 1523; baseline 0.001 -15"><span class='ocrx_word' id='word_1_140' title='bbox 160 1468 372 1509; x_wconf 88' lang='lat' dir='ltr'>incertum</span> <span class='ocrx_word' id='word_1_141' title='bbox 391 1469 656 1510; x_wconf 87' lang='lat' dir='ltr'>miscuerunt</span> <span class='ocrx_word' id='word_1_142' title='bbox 675 1470 806 1510; x_wconf 90' lang='lat' dir='ltr'>etiam</span> <span class='ocrx_word' id='word_1_143' title='bbox 825 1470 942 1523; x_wconf 91' lang='lat' dir='ltr'>quod</span> <span class='ocrx_word' id='word_1_144' title='bbox 958 1470 1216 1510; x_wconf 90' lang='lat' dir='ltr'>inuenerant</span> <span class='ocrx_word' id='word_1_145' title='bbox 1233 1474 1411 1510; x_wconf 89' lang='lat' dir='ltr'>certum.</span> <span class='ocrx_word' id='word_1_146' title='bbox 1459 1469 1695 1509; x_wconf 91' lang='lat' dir='ltr'>Inuentum</span> 
     </span>
     <span class='ocr_line' id='line_1_19' title="bbox 161 1554 1694 1609; baseline 0.001 -16"><span class='ocrx_word' id='word_1_147' title='bbox 161 1554 274 1594; x_wconf 94' lang='lat' dir='ltr'>enim</span> <span class='ocrx_word' id='word_1_148' title='bbox 307 1555 577 1595; x_wconf 90' lang='lat' dir='ltr'>solummodo</span> <span class='ocrx_word' id='word_1_149' title='bbox 611 1555 740 1596; x_wconf 90' lang='lat' dir='ltr'>deum</span> <span class='ocrx_word' id='word_1_150' title='bbox 772 1570 859 1596; x_wconf 91' lang='lat' dir='ltr'>non</span> <span class='ocrx_word' id='word_1_151' title='bbox 892 1561 943 1596; x_wconf 94' lang='lat' dir='ltr'>ut</span> <span class='ocrx_word' id='word_1_152' title='bbox 973 1556 1231 1596; x_wconf 86' lang='lat' dir='ltr'>inuenerant</span> <span class='ocrx_word' id='word_1_153' title='bbox 1263 1555 1610 1609; x_wconf 88' lang='lat' dir='ltr'>disputauerunt,</span> <span class='ocrx_word' id='word_1_154' title='bbox 1647 1561 1694 1595; x_wconf 81' lang='lat' dir='ltr'>ut</span> 
     </span>
     <span class='ocr_line' id='line_1_20' title="bbox 163 1638 1695 1694; baseline 0.002 -16"><span class='ocrx_word' id='word_1_155' title='bbox 163 1644 205 1679; x_wconf 93' lang='lat' dir='ltr'>et</span> <span class='ocrx_word' id='word_1_156' title='bbox 234 1639 286 1679; x_wconf 89' lang='lat' dir='ltr'>de</span> <span class='ocrx_word' id='word_1_157' title='bbox 316 1640 528 1693; x_wconf 86' lang='lat' dir='ltr'>qualitate</span> <span class='ocrx_word' id='word_1_158' title='bbox 557 1646 600 1682; x_wconf 91' lang='lat' dir='ltr'>et</span> <span class='ocrx_word' id='word_1_159' title='bbox 629 1641 681 1682; x_wconf 91' lang='lat' dir='ltr'>de</span> <span class='ocrx_word' id='word_1_160' title='bbox 709 1638 867 1682; x_wconf 89' lang='lat' dir='ltr'>natura</span> <span class='ocrx_word' id='word_1_161' title='bbox 897 1642 985 1682; x_wconf 89' lang='lat' dir='ltr'>eius</span> <span class='ocrx_word' id='word_1_162' title='bbox 1015 1646 1059 1682; x_wconf 91' lang='lat' dir='ltr'>et</span> <span class='ocrx_word' id='word_1_163' title='bbox 1087 1641 1140 1682; x_wconf 89' lang='lat' dir='ltr'>de</span> <span class='ocrx_word' id='word_1_164' title='bbox 1168 1641 1267 1681; x_wconf 89' lang='lat' dir='ltr'>sede</span> <span class='ocrx_word' id='word_1_165' title='bbox 1296 1641 1552 1694; x_wconf 87' lang='lat' dir='ltr'>disceptent.</span> <span class='ocrx_word' id='word_1_166' title='bbox 1612 1640 1695 1681; x_wconf 87' lang='lat' dir='ltr'>Alii</span> 
     </span>
     <span class='ocr_line' id='line_1_21' title="bbox 157 1725 1693 1781; baseline 0.001 -17"><span class='ocrx_word' id='word_1_167' title='bbox 157 1725 467 1779; x_wconf 82' lang='lat' dir='ltr'>incorporalem</span> <span class='ocrx_word' id='word_1_168' title='bbox 509 1727 779 1776; x_wconf 87' lang='lat' dir='ltr'>adseuerant,</span> <span class='ocrx_word' id='word_1_169' title='bbox 824 1727 894 1767; x_wconf 88' lang='lat' dir='ltr'>alii</span> <span class='ocrx_word' id='word_1_170' title='bbox 936 1727 1213 1781; x_wconf 89' lang='lat' dir='ltr'>corporalem,</span> <span class='ocrx_word' id='word_1_171' title='bbox 1256 1732 1307 1767; x_wconf 89' lang='lat' dir='ltr'>ut</span> <span class='ocrx_word' id='word_1_172' title='bbox 1347 1731 1439 1767; x_wconf 87' lang='lat' dir='ltr'>tam</span> <span class='ocrx_word' id='word_1_173' title='bbox 1481 1727 1693 1767; x_wconf 83' lang='lat' dir='ltr'>Platonici</span> 
     </span>
     <span class='ocr_line' id='line_1_22' title="bbox 161 1811 1697 1866; baseline 0.001 -16"><span class='ocrx_word' id='word_1_174' title='bbox 161 1825 291 1864; x_wconf 85' lang='lat' dir='ltr'>quam</span> <span class='ocrx_word' id='word_1_175' title='bbox 320 1811 473 1861; x_wconf 78' lang='lat' dir='ltr'>Stoici3</span> <span class='ocrx_word' id='word_1_176' title='bbox 518 1812 588 1852; x_wconf 92' lang='lat' dir='ltr'>alii</span> <span class='ocrx_word' id='word_1_177' title='bbox 617 1827 668 1853; x_wconf 81' lang='lat' dir='ltr'>ex</span> <span class='ocrx_word' id='word_1_178' title='bbox 695 1813 864 1862; x_wconf 87' lang='lat' dir='ltr'>atomis,</span> <span class='ocrx_word' id='word_1_179' title='bbox 895 1813 966 1853; x_wconf 87' lang='lat' dir='ltr'>alii</span> <span class='ocrx_word' id='word_1_180' title='bbox 993 1826 1045 1853; x_wconf 82' lang='lat' dir='ltr'>ex</span> <span class='ocrx_word' id='word_1_181' title='bbox 1070 1813 1271 1862; x_wconf 87' lang='lat' dir='ltr'>numeris,</span> <span class='ocrx_word' id='word_1_182' title='bbox 1302 1827 1387 1866; x_wconf 91' lang='lat' dir='ltr'>qua</span> <span class='ocrx_word' id='word_1_183' title='bbox 1414 1812 1626 1866; x_wconf 87' lang='lat' dir='ltr'>Epicurus</span> <span class='ocrx_word' id='word_1_184' title='bbox 1654 1817 1697 1852; x_wconf 89' lang='lat' dir='ltr'>et</span> 
     </span>
     <span class='ocr_line' id='line_1_23' title="bbox 160 1896 1694 1953; baseline 0.001 -17"><span class='ocrx_word' id='word_1_185' title='bbox 160 1896 442 1951; x_wconf 78' lang='lat' dir='ltr'>Pythagoras,</span> <span class='ocrx_word' id='word_1_186' title='bbox 465 1898 573 1938; x_wconf 88' lang='lat' dir='ltr'>alius</span> <span class='ocrx_word' id='word_1_187' title='bbox 594 1912 645 1938; x_wconf 76' lang='lat' dir='ltr'>ex</span> <span class='ocrx_word' id='word_1_188' title='bbox 664 1898 763 1953; x_wconf 90' lang='lat' dir='ltr'>igni,</span> <span class='ocrx_word' id='word_1_189' title='bbox 787 1913 872 1952; x_wconf 89' lang='lat' dir='ltr'>qua</span> <span class='ocrx_word' id='word_1_190' title='bbox 892 1898 1113 1939; x_wconf 88' lang='lat' dir='ltr'>Heraclito</span> <span class='ocrx_word' id='word_1_191' title='bbox 1133 1898 1275 1939; x_wconf 88' lang='lat' dir='ltr'>uisum</span> <span class='ocrx_word' id='word_1_192' title='bbox 1296 1903 1381 1938; x_wconf 88' lang='lat' dir='ltr'>est:</span> <span class='ocrx_word' id='word_1_193' title='bbox 1420 1902 1464 1938; x_wconf 93' lang='lat' dir='ltr'>et</span> <span class='ocrx_word' id='word_1_194' title='bbox 1482 1898 1694 1938; x_wconf 84' lang='lat' dir='ltr'>Platonici</span> 
     </span>
     <span class='ocr_line' id='line_1_24' title="bbox 161 1982 1693 2038; baseline 0.001 -16"><span class='ocrx_word' id='word_1_195' title='bbox 161 1982 335 2036; x_wconf 85' lang='lat' dir='ltr'>quidem</span> <span class='ocrx_word' id='word_1_196' title='bbox 369 1988 593 2024; x_wconf 89' lang='lat' dir='ltr'>curantem</span> <span class='ocrx_word' id='word_1_197' title='bbox 626 1998 780 2033; x_wconf 89' lang='lat' dir='ltr'>rerum,</span> <span class='ocrx_word' id='word_1_198' title='bbox 818 1988 968 2024; x_wconf 88' lang='lat' dir='ltr'>contra</span> <span class='ocrx_word' id='word_1_199' title='bbox 1002 1983 1201 2038; x_wconf 89' lang='lat' dir='ltr'>Epicurei</span> <span class='ocrx_word' id='word_1_200' title='bbox 1235 1984 1422 2024; x_wconf 84' lang='lat' dir='ltr'>otiosum</span> <span class='ocrx_word' id='word_1_201' title='bbox 1457 1988 1500 2024; x_wconf 92' lang='lat' dir='ltr'>et</span> <span class='ocrx_word' id='word_1_202' title='bbox 1530 1983 1693 2024; x_wconf 82' lang='lat' dir='ltr'>inexer-</span> 
     </span>
     <span class='ocr_line' id='line_1_25' title="bbox 160 2068 1693 2123; baseline 0.001 -16"><span class='ocrx_word' id='word_1_203' title='bbox 160 2068 307 2117; x_wconf 90' lang='lat' dir='ltr'>citum,</span> <span class='ocrx_word' id='word_1_204' title='bbox 343 2074 386 2109; x_wconf 94' lang='lat' dir='ltr'>et</span> <span class='ocrx_word' id='word_1_205' title='bbox 418 2074 468 2109; x_wconf 87' lang='lat' dir='ltr'>ut</span> <span class='ocrx_word' id='word_1_206' title='bbox 498 2069 561 2109; x_wconf 87' lang='lat' dir='ltr'>ita</span> <span class='ocrx_word' id='word_1_207' title='bbox 594 2069 788 2118; x_wconf 80' lang='lat' dir='ltr'>dixerim,</span> <span class='ocrx_word' id='word_1_208' title='bbox 823 2069 1039 2109; x_wconf 89' lang='lat' dir='ltr'>neminem</span> <span class='ocrx_word' id='word_1_209' title='bbox 1072 2069 1272 2110; x_wconf 89' lang='lat' dir='ltr'>humanis</span> <span class='ocrx_word' id='word_1_210' title='bbox 1304 2069 1453 2118; x_wconf 70' lang='lat' dir='ltr'>rebus,</span> <span class='ocrx_word' id='word_1_211' title='bbox 1503 2069 1693 2123; x_wconf 87' lang='lat' dir='ltr'>positum</span> 
     </span>
     <span class='ocr_line' id='line_1_26' title="bbox 160 2155 1693 2209; baseline 0.001 -16"><span class='ocrx_word' id='word_1_212' title='bbox 160 2167 260 2193; x_wconf 88' lang='lat' dir='ltr'>uero</span> <span class='ocrx_word' id='word_1_213' title='bbox 283 2159 404 2194; x_wconf 76' lang='lat' dir='ltr'>extra</span> <span class='ocrx_word' id='word_1_214' title='bbox 424 2155 637 2195; x_wconf 90' lang='lat' dir='ltr'>mundum</span> <span class='ocrx_word' id='word_1_215' title='bbox 657 2155 802 2204; x_wconf 81' lang='lat' dir='ltr'>Stoici,</span> <span class='ocrx_word' id='word_1_216' title='bbox 826 2155 899 2209; x_wconf 90' lang='lat' dir='ltr'>qui</span> <span class='ocrx_word' id='word_1_217' title='bbox 919 2155 1037 2209; x_wconf 88' lang='lat' dir='ltr'>figuli</span> <span class='ocrx_word' id='word_1_218' title='bbox 1057 2155 1186 2195; x_wconf 88' lang='lat' dir='ltr'>modo</span> <span class='ocrx_word' id='word_1_219' title='bbox 1208 2155 1472 2196; x_wconf 81' lang='lat' dir='ltr'>extrinsecus</span> <span class='ocrx_word' id='word_1_220' title='bbox 1492 2160 1693 2208; x_wconf 80' lang='lat' dir='ltr'>torqueat</span> 
     </span>
     <span class='ocr_line' id='line_1_27' title="bbox 161 2240 1692 2295; baseline 0.001 -17"><span class='ocrx_word' id='word_1_221' title='bbox 161 2240 317 2279; x_wconf 86' lang='lat' dir='ltr'>molem</span> <span class='ocrx_word' id='word_1_222' title='bbox 332 2240 464 2289; x_wconf 72' lang='lat' dir='ltr'>hanc,</span> <span class='ocrx_word' id='word_1_223' title='bbox 496 2241 611 2281; x_wconf 88' lang='lat' dir='ltr'>intra</span> <span class='ocrx_word' id='word_1_224' title='bbox 626 2241 838 2281; x_wconf 88' lang='lat' dir='ltr'>mundum</span> <span class='ocrx_word' id='word_1_225' title='bbox 854 2240 1078 2289; x_wconf 87' lang='lat' dir='ltr'>Platonici,</span> <span class='ocrx_word' id='word_1_226' title='bbox 1096 2241 1169 2294; x_wconf 89' lang='lat' dir='ltr'>qui</span> <span class='ocrx_word' id='word_1_227' title='bbox 1184 2240 1482 2295; x_wconf 89' lang='lat' dir='ltr'>gubernatoris</span> <span class='ocrx_word' id='word_1_228' title='bbox 1498 2240 1692 2294; x_wconf 84' lang='lat' dir='ltr'>exemplo</span> 
     </span>
     <span class='ocr_line' id='line_1_28' title="bbox 159 2324 1693 2381; baseline 0.001 -17"><span class='ocrx_word' id='word_1_229' title='bbox 159 2324 274 2365; x_wconf 89' lang='lat' dir='ltr'>intra</span> <span class='ocrx_word' id='word_1_230' title='bbox 311 2325 355 2365; x_wconf 92' lang='lat' dir='ltr'>id</span> <span class='ocrx_word' id='word_1_231' title='bbox 393 2332 569 2367; x_wconf 89' lang='lat' dir='ltr'>maneat</span> <span class='ocrx_word' id='word_1_232' title='bbox 607 2327 724 2380; x_wconf 88' lang='lat' dir='ltr'>quod</span> <span class='ocrx_word' id='word_1_233' title='bbox 760 2331 894 2381; x_wconf 85' lang='lat' dir='ltr'>regat.</span> <span class='ocrx_word' id='word_1_234' title='bbox 955 2326 1023 2367; x_wconf 80' lang='lat' dir='ltr'>Sic</span> <span class='ocrx_word' id='word_1_235' title='bbox 1061 2332 1104 2367; x_wconf 91' lang='lat' dir='ltr'>et</span> <span class='ocrx_word' id='word_1_236' title='bbox 1142 2327 1194 2367; x_wconf 94' lang='lat' dir='ltr'>de</span> <span class='ocrx_word' id='word_1_237' title='bbox 1231 2326 1324 2380; x_wconf 89' lang='lat' dir='ltr'>ipso</span> <span class='ocrx_word' id='word_1_238' title='bbox 1363 2326 1526 2366; x_wconf 91' lang='lat' dir='ltr'>mundo</span> <span class='ocrx_word' id='word_1_239' title='bbox 1563 2331 1693 2366; x_wconf 87' lang='lat' dir='ltr'>natus</span> 
     </span>
     <span class='ocr_line' id='line_1_29' title="bbox 160 2409 1692 2460; baseline 0.001 -12"><span class='ocrx_word' id='word_1_240' title='bbox 160 2409 391 2450; x_wconf 87' lang='lat' dir='ltr'>innatusue</span> <span class='ocrx_word' id='word_1_241' title='bbox 421 2411 489 2459; x_wconf 89' lang='lat' dir='ltr'>sit,</span> <span class='ocrx_word' id='word_1_242' title='bbox 523 2411 773 2452; x_wconf 88' lang='lat' dir='ltr'>decessurus</span> <span class='ocrx_word' id='word_1_243' title='bbox 804 2425 1088 2452; x_wconf 87' lang='lat' dir='ltr'>mansurusue</span> <span class='ocrx_word' id='word_1_244' title='bbox 1119 2412 1187 2460; x_wconf 87' lang='lat' dir='ltr'>sit,</span> <span class='ocrx_word' id='word_1_245' title='bbox 1221 2411 1406 2452; x_wconf 88' lang='lat' dir='ltr'>uariant.</span> <span class='ocrx_word' id='word_1_246' title='bbox 1467 2410 1534 2451; x_wconf 80' lang='lat' dir='ltr'>Sic</span> <span class='ocrx_word' id='word_1_247' title='bbox 1567 2415 1610 2451; x_wconf 91' lang='lat' dir='ltr'>et</span> <span class='ocrx_word' id='word_1_248' title='bbox 1641 2410 1692 2450; x_wconf 87' lang='lat' dir='ltr'>de</span> 
     </span>
    </p>
   </div>
   <div class='ocr_carea' id='block_1_4' title="bbox 161 2494 1690 2550">
    <p class='ocr_par' dir='ltr' id='par_1_4' title="bbox 161 2494 1690 2550">
     <span class='ocr_line' id='line_1_30' title="bbox 161 2494 1690 2550; baseline 0.001 -17"><span class='ocrx_word' id='word_1_249' title='bbox 161 2494 329 2534; x_wconf 88' lang='lat' dir='ltr'>animae</span> <span class='ocrx_word' id='word_1_250' title='bbox 352 2500 484 2545; x_wconf 88' lang='lat' dir='ltr'>statu,</span> <span class='ocrx_word' id='word_1_251' title='bbox 511 2511 641 2550; x_wconf 90' lang='lat' dir='ltr'>quam</span> <span class='ocrx_word' id='word_1_252' title='bbox 667 2497 737 2537; x_wconf 89' lang='lat' dir='ltr'>alii</span> <span class='ocrx_word' id='word_1_253' title='bbox 761 2497 954 2537; x_wconf 89' lang='lat' dir='ltr'>diuinam</span> <span class='ocrx_word' id='word_1_254' title='bbox 979 2502 1023 2537; x_wconf 91' lang='lat' dir='ltr'>et</span> <span class='ocrx_word' id='word_1_255' title='bbox 1045 2502 1279 2546; x_wconf 87' lang='lat' dir='ltr'>aeternam,</span> <span class='ocrx_word' id='word_1_256' title='bbox 1306 2496 1377 2536; x_wconf 90' lang='lat' dir='ltr'>alii</span> <span class='ocrx_word' id='word_1_257' title='bbox 1400 2495 1690 2537; x_wconf 85' lang='lat' dir='ltr'>dissolubilem</span> 
     </span>
    </p>
   </div>
   <div class='ocr_carea' id='block_1_5' title="bbox 1720 519 1742 549">
    <p class='ocr_par' dir='ltr' id='par_1_5' title="bbox 1720 519 1742 549">
     <span class='ocr_line' id='line_1_31' title="bbox 1720 519 1742 549; baseline 0 0"><span class='ocrx_word' id='word_1_258' title='bbox 1720 519 1742 549; x_wconf 80' lang='lat'><strong>5</strong></span> 
     </span>
    </p>
   </div>
   <div class='ocr_carea' id='block_1_6' title="bbox 1722 921 1767 943">
    <p class='ocr_par' dir='ltr' id='par_1_6' title="bbox 1722 921 1767 943">
     <span class='ocr_line' id='line_1_32' title="bbox 1722 921 1767 943; baseline 0.022 -1"><span class='ocrx_word' id='word_1_259' title='bbox 1722 921 1767 943; x_wconf 88' lang='lat'>10</span> 
     </span>
    </p>
   </div>
   <div class='ocr_carea' id='block_1_7' title="bbox 1720 1320 1764 1350">
    <p class='ocr_par' dir='ltr' id='par_1_7' title="bbox 1720 1320 1764 1350">
     <span class='ocr_line' id='line_1_33' title="bbox 1720 1320 1764 1350; baseline 0 0"><span class='ocrx_word' id='word_1_260' title='bbox 1720 1320 1764 1350; x_wconf 80' lang='lat'>15</span> 
     </span>
    </p>
   </div>
   <div class='ocr_carea' id='block_1_8' title="bbox 1718 1745 1764 1765">
    <p class='ocr_par' dir='ltr' id='par_1_8' title="bbox 1718 1745 1764 1765">
     <span class='ocr_line' id='line_1_34' title="bbox 1718 1745 1764 1765; baseline 0 0"><span class='ocrx_word' id='word_1_261' title='bbox 1718 1745 1764 1765; x_wconf 85' lang='lat'>20</span> 
     </span>
    </p>
   </div>
   <div class='ocr_carea' id='block_1_9' title="bbox 163 2579 1760 2635">
    <p class='ocr_par' dir='ltr' id='par_1_9' title="bbox 163 2579 1760 2635">
     <span class='ocr_line' id='line_1_35' title="bbox 163 2579 1760 2635; baseline 0.001 -18"><span class='ocrx_word' id='word_1_262' title='bbox 163 2580 444 2629; x_wconf 87' lang='lat' dir='ltr'>contendunt,</span> <span class='ocrx_word' id='word_1_263' title='bbox 473 2586 523 2621; x_wconf 90' lang='lat' dir='ltr'>ut</span> <span class='ocrx_word' id='word_1_264' title='bbox 549 2582 644 2635; x_wconf 89' lang='lat' dir='ltr'>quis</span> <span class='ocrx_word' id='word_1_265' title='bbox 670 2582 815 2631; x_wconf 87' lang='lat' dir='ltr'>sensit,</span> <span class='ocrx_word' id='word_1_266' title='bbox 843 2582 906 2622; x_wconf 86' lang='lat' dir='ltr'>ita</span> <span class='ocrx_word' id='word_1_267' title='bbox 933 2587 976 2622; x_wconf 91' lang='lat' dir='ltr'>et</span> <span class='ocrx_word' id='word_1_268' title='bbox 1000 2581 1150 2622; x_wconf 92' lang='lat' dir='ltr'>intulit</span> <span class='ocrx_word' id='word_1_269' title='bbox 1175 2586 1254 2621; x_wconf 90' lang='lat' dir='ltr'>aut</span> <span class='ocrx_word' id='word_1_270' title='bbox 1278 2580 1542 2621; x_wconf 79' lang='lat' dir='ltr'>reformauit.</span> <span class='ocrx_word' id='word_1_271' title='bbox 1603 2579 1693 2620; x_wconf 90' lang='lat' dir='ltr'>Nec</span> <span class='ocrx_word' id='word_1_272' title='bbox 1711 2596 1760 2627; x_wconf 84' lang='lat'>30</span> 
     </span>
    </p>
   </div>
   <div class='ocr_carea' id='block_1_10' title="bbox 162 2664 1690 2721">
    <p class='ocr_par' dir='ltr' id='par_1_10' title="bbox 162 2664 1690 2721">
     <span class='ocr_line' id='line_1_36' title="bbox 162 2664 1690 2721; baseline 0.001 -18"><span class='ocrx_word' id='word_1_273' title='bbox 162 2664 331 2713; x_wconf 85' lang='lat' dir='ltr'>mirum,</span> <span class='ocrx_word' id='word_1_274' title='bbox 357 2666 390 2705; x_wconf 88' lang='lat' dir='ltr'>si</span> <span class='ocrx_word' id='word_1_275' title='bbox 413 2671 538 2706; x_wconf 89' lang='lat' dir='ltr'>uetus</span> <span class='ocrx_word' id='word_1_276' title='bbox 559 2667 898 2707; x_wconf 86' lang='lat' dir='ltr'>instrumentum</span> <span class='ocrx_word' id='word_1_277' title='bbox 919 2667 1089 2721; x_wconf 87' lang='lat' dir='ltr'>ingenia</span> <span class='ocrx_word' id='word_1_278' title='bbox 1111 2666 1464 2720; x_wconf 87' lang='lat' dir='ltr'>philosophorum</span> <span class='ocrx_word' id='word_1_279' title='bbox 1485 2665 1690 2705; x_wconf 86' lang='lat' dir='ltr'>interuer-</span> 
     </span>
    </p>
   </div>
  </div>
 </body>
</html>
