1827 3004
84 78 159 116 122
648 76 759 115 TER
768 74 1044 115 TVLLIANI

77 190 458 242 gymnosophistae
484 203 643 236 sumus,
672 188 887 228 siluicolae
913 194 955 227 et
981 187 1124 226 exules
1152 187 1279 226 uitae.
1342 185 1615 225 Meminimus

77 266 260 316 gratiam
299 265 452 305 debere
489 280 565 305 nos
603 265 694 311 deo,
735 264 922 312 domino,
963 264 1165 303 creatori:
1221 263 1385 303 nullum
1424 262 1613 302 fructum

77 358 254 396 operum
282 343 369 382 eius
395 343 692 396 repudiamus:
737 342 862 395 plane
888 347 1193 394 temperamus„
1221 355 1272 380 ne
1302 341 1411 380 ultra
1438 339 1614 379 modum

77 426 154 460 aut
177 434 399 473 perperam
424 425 610 459 utamur.
672 420 828 472 ltaque
851 433 937 458 non
960 418 1049 458 sine
1072 418 1176 465 foro,
1201 432 1287 457 non
1310 417 1399 456 sine
1421 416 1612 463 macello,

78 512 163 536 11011
197 497 285 536 sine
319 497 493 539 balneis,
530 496 733 544 tabernis,
769 495 960 539 officinis,
996 495 1190 541 stabulis,
1226 494 1430 534 nundinis
1465 493 1655 540 uestris5

79 574 314 627 ceterisque
337 574 600 613 commerciis
623 573 925 612 cohabitanms
947 572 989 611 in
1014 572 1092 611 hoc
1114 571 1296 611 saeculo.
1350 570 1617 623 Nauigamus

79 660 121 694 et
141 669 218 694 nos
240 654 460 694 uobiscum
483 660 523 694 et
545 654 781 693 militamus
802 659 844 693 et
863 653 1123 693 rusticamur
1143 659 1185 692 et
1205 657 1420 691 mercatus
1440 650 1617 704 proinde

79 735 317 782 miscemus,
336 740 462 775 artes
481 749 610 787 opera
626 739 774 773 nostra
790 732 1061 786 publicamus
1077 732 1171 772 usui
1188 737 1344 771 uestro.
1392 730 1617 779 Quomodo

77 813 331 853 infructuosi
362 814 559 853 uidemur
586 813 770 867 negotiis
798 813 965 855 11051115,
997 826 1095 852 011111
1125 812 1281 865 quibus
1311 817 1353 851 et
1381 811 1432 851 de
1463 810 1619 864 quibus

78 893 277 941 uiuimus,
318 908 404 933 non
442 894 540 933 scio.
603 893 685 933 Sed
724 894 756 933 51
796 893 1076 932 caerimonias
1115 898 1213 932 tuas
1251 907 1337 932 11011
1376 892 1616 944 frequento⁹
1641 908 1682 930 10

78 978 274 1012 attamen
293 978 335 1012 et
352 973 422 1012 illa
441 973 508 1012 die
526 972 654 1012 1101110
673 987 781 1012 sum.
844 972 941 1012 Non
959 973 1080 1012 lauor
1097 972 1284 1012 diluculo
1302 969 1616 1011 Saturnalibus.

78 1067 130 1092 ne
158 1059 201 1093 et
228 1059 399 1093 noctem
429 1059 471 1092 et
498 1053 611 1093 diem
640 1054 831 1106 perdam,
862 1059 1059 1093 attamen
1087 1053 1208 1092 lauor
1236 1053 1417 1092 honesta
1445 1051 1546 1091 hora
1578 1056 1618 1089 et

78 1133 250 1176 salubri,
281 1147 392 1186 quae
423 1133 527 1172 mihi
561 1138 603 1173 et
635 1133 819 1173 calorem
852 1140 893 1173 et
925 1134 1177 1187 sanguinem
1209 1138 1373 1173 seruet:
1418 1132 1550 1185 rigere
1578 1137 1619 1170 et

78 1212 234 1265 pallere
285 1218 384 1265 post
434 1212 655 1252 lauacrum
708 1218 905 1253 mortuus
956 1227 1143 1266 possum.
1206 1212 1303 1252 Non
1354 1212 1397 1251 in
1448 1211 1619 1265 publico

78 1292 346 1333 Liberalibus
381 1292 618 1341 discumbo,
657 1293 773 1346 quod
808 1292 1021 1333 bestiariis
1056 1307 1302 1346 supremam
1338 1291 1620 1331 coenantibus
1643 1309 1682 1339 15

81 1387 172 1412 mos
206 1378 281 1421 est⁷
317 1379 514 1413 attamen
551 1373 620 1413 ubi
655 1374 706 1413 de
740 1373 872 1426 copiis
906 1373 991 1413 tuis
1025 1388 1168 1412 coeno.
1231 1372 1329 1412 Non
1362 1386 1456 1411 emo
1490 1372 1619 1425 capiti

81 1466 295 1493 coronam.
360 1453 471 1501 Quid
527 1459 601 1493 tua
658 1454 848 1501 interest,
907 1454 1062 1507 emptis
1117 1453 1393 1492 nihilominus
1448 1451 1623 1491 floribus

80 1532 297 1585 quomodo
323 1534 447 1572 utar?
512 1533 624 1573 Puto
650 1534 814 1587 gratius
840 1548 928 1573 esse
954 1533 1096 1573 liberis
1122 1538 1162 1573 et
1188 1533 1339 1573 solutis
1365 1539 1406 1573 01
1432 1533 1622 1585 undique

79 1613 211 1666 uagis.
273 1612 355 1653 Sed
400 1613 475 1653 etsi
523 1614 565 1653 111
611 1628 814 1653 coronam
859 1614 1031 1659 coactis,
1080 1628 1155 1653 nos
1200 1627 1403 1653 coronam
1448 1612 1623 1652 naribus

80 1694 302 1737 nouimus:
358 1694 545 1734 uiderint
585 1695 657 1748 qui
696 1709 769 1749 per
807 1695 1009 1748 capillum
1047 1694 1296 1734 odorantur.
1359 1692 1622 1746 Spectaculis
1644 1711 1686 1732 20

81 1787 167 1812 11011
201 1774 503 1822 0011110111111115;
556 1788 666 1827 quae
701 1780 847 1814 tamen
882 1774 998 1827 apud
1032 1773 1125 1813 illos
1159 1779 1306 1812 coetus
1340 1772 1624 1812 uenditantur

81 1852 114 1892 si
141 1852 452 1901 desiderauero‚
477 1853 650 1893 liberius
677 1854 729 1893 de
751 1854 933 1907 propriis
960 1853 1061 1893 10015
1087 1867 1270 1892 sumam.
1332 1852 1475 1891 Thura
1501 1851 1624 1904 plane

82 1948 168 1973 non
204 1934 397 1974 emimus.
460 1934 500 1975 Si
538 1935 723 1975 Arabiae
759 1941 1012 1988 queruntur,
1050 1934 1189 1974 sciant
1224 1932 1377 1973 Sabaei
1414 1932 1545 1986 pluris
1582 1937 1623 1972 et

82 2013 255 2053 carioris
278 2028 377 2053 suas
401 2028 562 2053 merces
586 2014 838 2054 Christianis
862 2014 1116 2068 sepeliendis
1139 2013 1354 2067 profligari
1379 2027 1510 2066 quam
1535 2012 1624 2052 deis

81 2093 355 2147 fumigandis.
417 2094 552 2139 Certe,
612 2095 803 2147 inquitis,
863 2095 1125 2147 templorum
1182 2093 1410 2146 uectigalia
1467 2092 1624 2132 cotidie
1645 2106 1686 2136 25

83 2175 353 2227 decoquunt:
421 2175 554 2228 stipes
605 2175 950 2228 ‹elnotusquisque
1000 2175 1086 2214 iam
1136 2175 1299 2214 iactat?
1362 2172 1460 2213 Non
1511 2173 1624 2212 enim

83 2255 318 2295 sufficimus
355 2263 398 2295 et
435 2255 681 2295 hominibus
718 2261 761 2295 et
797 2256 887 2295 deis
923 2255 1077 2295 uestris
1114 2253 1462 2294 mendicantibus
1499 2266 1625 2306 opem

86 2334 205 2382 ferre,
262 2349 339 2373 nec
393 2340 600 2387 putamus
654 2335 746 2375 aliis
801 2350 931 2388 quam
987 2333 1236 2388 petentibus
1290 2333 1622 2388 inpertiendum.

86 2414 283 2467 Denique
326 2415 517 2468 porrigat
560 2429 738 2455 manum
782 2416 948 2469 Iupiter
991 2420 1035 2455 et
1077 2414 1275 2467 accipiat,
1315 2428 1412 2453 cum
1452 2413 1624 2452 interim

89 2494 181 2547 plus
214 2499 362 2533 nostra
395 2494 683 2534 misericordia
715 2495 896 2534 insumit
928 2494 1106 2534 uicatim
1140 2508 1271 2547 quam
1304 2497 1448 2532 uestra
1481 2492 1625 2543 religio
1646 2505 1690 2536 30

85 2574 344 2627 templatim.
405 2573 487 2613 Sed
517 2580 658 2613 cetera
687 2575 915 2628 uectigalia
944 2574 1105 2628 gratias
1134 2572 1387 2613 Christianis
1416 2577 1546 2625 agent
1575 2585 1625 2610 ex

85 2652 170 2692 fide
193 2653 538 2706 dependentibus
562 2653 772 2702 debitum,
800 2669 886 2707 qua
911 2654 1049 2693 alieno
1074 2653 1317 2693 fraudando
1343 2651 1622 2699 abstinemus,

87 2738 148 2781 ut,
176 2733 209 2772 si
235 2733 405 2772 ineatur
430 2738 645 2786 quantum
672 2734 956 2788 uectigalibus
981 2740 1130 2787 pereat
1156 2733 1307 2773 fraude
1333 2737 1375 2772 et
1402 2731 1625 2771 mendacio
