1827 3004
153 126 204 164 22
716 124 1113 165 TERTVLLIANI

149 243 302 278 senatu
325 237 655 286 submouebant,
682 250 792 290 quae
815 236 987 276 theatra
1010 236 1260 290 stuprandis
1284 237 1475 279 moribus
1498 239 1682 280 orientia

149 314 298 354 statim
328 313 620 362 destruebant,
653 327 763 366 quae
791 313 1055 367 dignitatum
1086 319 1129 354 et
1158 313 1437 355 honestorum
1466 316 1679 357 natalium

149 390 330 441 insignia
348 404 433 430 non
453 395 611 430 temere
630 403 707 429 nec
726 389 886 442 inpune
905 390 1102 443 usurpari
1120 390 1348 431 sinebant?
1410 391 1545 433 Video
1566 394 1679 434 enim

149 472 193 507 et
221 467 485 507 centenarias
514 480 666 506 coenas
695 480 719 505 a
748 466 938 506 centenis
965 466 1053 506 iam
1081 467 1288 507 sestertiis
1317 467 1532 518 dicendas,
1565 475 1608 510 et
1634 470 1679 511 in

148 543 289 582 lances
315 545 484 596 (parum
512 548 576 582 est
601 542 634 582 si
661 547 909 582 senatorum
936 547 980 583 et
1004 557 1092 583 non
1117 543 1417 585 libertinorum
1443 546 1511 586 uel
1537 546 1679 587 adhuc
1698 563 1720 594 5

148 618 278 672 flagra
319 618 628 672 rumpentium)
671 618 915 671 argentaria
955 619 1131 659 metalla
1172 620 1398 673 producta.
1458 621 1594 664 Video
1637 628 1681 665 et

149 696 319 736 theatra
351 709 429 735 nec
461 695 626 749 singula
659 695 764 735 satis
797 709 886 736 esse
918 710 996 736 nec
1028 696 1168 746 nuda;
1218 712 1321 738 nam
1353 712 1407 739 ne
1439 700 1508 740 uel
1541 700 1680 742 hieme

1820 715 1827 846 —ss—
1818 638 1827 705 .-.—..⁴
1822 604 1827 635 ..-
1821 517 1827 597 .-,-.-
1820 470 1827 509 ὴ
1822 418 1827 462 ---

147 773 349 826 uoluptas
375 772 578 826 inpudica
607 772 791 826 frigeret,
822 772 948 825 primi
978 772 1307 815 Lacedaemonii
1336 776 1539 829 penulam
1567 777 1680 819 ludis

147 853 512 906 excogitauerunt.
573 852 707 892 Video
749 858 791 893 et
830 852 942 893 inter
982 858 1204 895 matronas
1243 860 1377 909 atque
1417 857 1679 910 prostibulas

146 932 310 972 nullum
342 932 394 972 de
425 931 578 972 habitu
609 931 835 972 discrimen
867 932 1077 973 relictum.
1139 933 1258 974 Circa
1290 934 1472 977 feminas
1504 937 1678 991 quidem
1701 956 1746 978 10

145 1012 275 1052 etiam
302 1012 373 1052 illa
402 1012 612 1052 maiorum
639 1012 842 1052 instituta
872 1012 1119 1054 ceciderunt
1147 1028 1257 1067 quae
1286 1015 1536 1066 modestiae,
1567 1031 1678 1071 quae

130 1090 365 1140 sobrietati
405 1090 804 1144 patrocinabantur,
847 1105 946 1132 cum
986 1106 1141 1133 aurum
1181 1094 1299 1134 nulla
1339 1101 1468 1136 norat
1507 1102 1678 1150 praeter

101 1165 109 1173 '
145 1171 270 1210 unico
296 1170 430 1224 digito
457 1184 585 1223 quem
611 1185 793 1224 sponsus
819 1171 1148 1226 obpignorasset
1174 1175 1373 1228 pronubo
1400 1176 1543 1226 anulo,
1573 1191 1671 1218 cum
1713 1149 1780 1215 s

143 1249 338 1290 mulieres
382 1264 516 1303 usque
560 1250 666 1290 adeo
710 1251 811 1291 uino
855 1252 1190 1303 abstinerentur,
1236 1259 1287 1295 ut
1330 1261 1577 1296 matronam
1621 1257 1676 1298 ob

142 1329 377 1381 resignatos
395 1329 523 1370 cellae
539 1330 729 1370 uinariae
746 1330 907 1372 loculos
923 1332 987 1372 sui
1004 1332 1147 1373 inedia
1164 1334 1371 1384 necarint,
1391 1335 1470 1376 sub
1489 1335 1676 1377 Romulo
1699 1355 1741 1387 15

142 1423 241 1449 uero
264 1424 373 1462 quae
394 1410 543 1450 uinum
565 1411 783 1465 attigerat,
807 1412 969 1465 inpune
990 1427 1014 1452 a
1037 1413 1255 1454 Metennio
1277 1415 1434 1456 marito
1457 1417 1676 1458 trucidata

84 1498 104 1525 s
138 1487 206 1528 sit.
267 1488 431 1528 Idcirco
458 1494 501 1529 et
525 1489 670 1529 oscula
696 1491 949 1544 propinquis
974 1491 1125 1533 offerre
1151 1493 1283 1533 etiam
1308 1495 1541 1537 necessitas
1568 1502 1674 1549 erat,

143 1572 192 1607 ut
222 1567 375 1620 spiritu
404 1568 708 1609 iudicarentur.
769 1569 855 1610 Ubi
887 1576 952 1611 est
982 1571 1053 1611 illa
1085 1571 1267 1613 felicitas
1299 1575 1674 1617 matrimoniorum

144 1645 195 1685 cle
224 1646 412 1687 moribus
439 1648 589 1701 utique
616 1655 881 1703 prosperata,
912 1665 997 1704 qua
1025 1665 1100 1705 per
1127 1666 1262 1693 annos
1290 1653 1423 1695 ferme
1450 1662 1675 1698 sexcentos

141 1725 196 1765 ab
226 1726 328 1766 urbe
357 1727 530 1768 condita
558 1728 675 1768 nulla
703 1729 931 1782 repudium
960 1730 1115 1772 domus
1143 1732 1339 1786 scripsit?
1401 1735 1461 1776 At
1488 1750 1603 1776 nunc
1631 1737 1674 1777 in
1695 1754 1742 1776 20

142 1805 309 1846 feminis
332 1821 432 1860 prae
455 1821 558 1848 auro
582 1808 747 1848 nullum
770 1809 864 1849 leue
888 1816 953 1851 est
975 1812 1232 1862 membrum,
1257 1828 1360 1867 prae
1382 1815 1484 1855 uino
1507 1817 1674 1857 nullum

141 1884 321 1925 liberum
351 1892 415 1927 est
443 1888 648 1937 osculum,
680 1889 907 1942 repudium
938 1905 1039 1931 uero
1068 1891 1155 1931 iam
1185 1897 1229 1933 et
1257 1899 1411 1934 uotum
1442 1900 1518 1945 est,
1551 1897 1674 1950 quasi

142 1966 403 2006 matrimonii
450 1967 627 2008 fructus.
688 1968 835 2010 Etiam
883 1971 993 2011 circa
1039 1971 1155 2025 ipsos
1201 1973 1304 2014 deos
1350 1980 1517 2017 uestros
1564 1991 1675 2031 quae

81 2073 111 2101 s
141 2050 363 2097 prospecte
392 2045 671 2088 decreuerant
698 2054 844 2102 patres
871 2050 1017 2099 uestri,
1048 2051 1163 2091 idem
1192 2067 1270 2093 uos
1299 2053 1674 2108 obsequentissimi

142 2124 382 2165 rescidistis.
443 2125 644 2166 Liberum
696 2128 871 2169 Patrem
924 2144 1021 2170 cum
1073 2133 1290 2185 mysteriis
1341 2135 1428 2175 suis
1481 2137 1674 2178 consules
1695 2156 1738 2187 25

142 2208 316 2243 senatus
336 2205 595 2246 auctoritate
616 2221 702 2247 non
724 2208 852 2248 modo
874 2209 991 2259 urbe,
1015 2211 1089 2251 sed
1110 2212 1310 2253 uniuersa
1332 2213 1461 2255 Italia
1483 2216 1672 2257 elimina-

142 2288 310 2322 uerunt.
370 2283 617 2337 Serapidem
649 2291 693 2326 et
724 2286 883 2327 Isidem
915 2293 959 2329 et
990 2289 1272 2343 Arpocratem
1305 2306 1403 2333 cum
1435 2309 1512 2336 suo
1544 2309 1672 2350 cyno-

143 2361 317 2413 cephalo
342 2362 550 2416 Capitolio
574 2365 812 2417 prohibitos
834 2367 992 2417 inferri,
1016 2369 1061 2409 id
1084 2375 1149 2410 est
1172 2372 1288 2412 curia
1311 2372 1670 2429 deorunrpulsos,

142 2439 238 2480 Piso
269 2447 311 2481 et
341 2442 547 2484 Gabinius
576 2446 768 2486 consules
797 2462 883 2488 non
913 2448 1064 2502 utique
1094 2450 1324 2493 Christiani
1354 2455 1511 2495 euersis
1540 2456 1672 2496 etiam

141 2520 224 2560 aris
248 2535 392 2561 eorum
417 2522 740 2575 abdicauerunt,
768 2527 961 2581 turpium
987 2534 1030 2569 et
1053 2530 1289 2572 otiosarum
1314 2535 1671 2587 superstitionum
1691 2555 1739 2587 30

140 2599 246 2639 uitia
296 2601 555 2643 cohibentes.
615 2605 695 2645 His
744 2621 821 2647 uos
870 2609 1083 2650 restitutis
1131 2625 1347 2652 summam
1397 2614 1672 2656 maiestatem

142 2680 393 2721 contulistis.
454 2682 537 2723 Ubi
584 2685 740 2737 religio.
788 2686 861 2727 ubi
906 2690 1127 2730 ueneratio
1173 2692 1407 2734 maioribus
1452 2694 1600 2735 debita
1645 2710 1670 2736 a

142 2757 289 2798 uobis?
351 2760 530 2811 Habitu,
559 2763 691 2813 uictu,
720 2765 948 2816 instructu,
977 2782 1116 2819 sensu,
1144 2770 1237 2824 ipso
1264 2771 1449 2827 denique
1475 2788 1671 2817 sermone
