1827 3004
146 54 200 94 80
714 51 1112 92 TERTVLLIANI

146 167 300 217 uerba3
337 168 424 208 iam
446 167 543 208 hinc
563 166 877 208 demonstratio
898 166 957 206 rei
975 166 1122 220 ipsius,
1146 180 1231 220 qua
1251 166 1528 207 ostendemus
1548 180 1680 207 unam

146 261 235 287 esse
264 246 488 301 utriusque
516 246 702 287 nominis
731 246 1002 299 qualitatem.
1063 245 1234 287 Edatur
1262 246 1330 286 hic
1359 246 1491 301 aliqui
1519 246 1680 287 ibidem

145 327 225 368 sub
253 327 543 367 tribunalibus
570 326 725 367 uestris
753 340 881 380 quem
909 326 1118 367 daemone
1144 327 1212 381 agi
1240 331 1421 367 constet.
1482 326 1630 367 Iussus
1657 340 1681 366 a

147 403 340 457 quolibet
361 404 603 444 Christiano
625 403 742 457 loqui
765 403 942 457 spiritus
960 403 1030 443 ille
1051 408 1143 444 tam
1165 417 1208 444 se
1229 403 1484 443 daemonem
1506 402 1679 443 confite-

146 481 264 522 bitur
283 480 335 521 de
354 495 455 521 uero
477 495 608 534 quam
629 480 729 521 alibi
751 480 975 521 dominum
995 480 1048 520 de
1067 480 1187 521 falso.
1232 481 1397 535 ‚Aeque
1416 481 1681 535 producatur
1699 493 1719 525 5

146 557 299 612 aliquis
323 571 375 598 ex
401 557 465 598 his
490 557 563 611 qui
588 557 640 597 de
665 556 744 597 deo
769 557 861 611 pati
887 557 1204 607 existimantur,
1232 557 1305 611 qui
1329 557 1413 598 aris
1436 557 1681 598 inhalantes

145 648 305 674 numen
330 634 383 674 de
407 633 555 674 nidore
581 633 843 687 concipiunt,
871 633 945 687 qui
968 633 1181 674 ructando
1207 638 1425 682 curantur,
1453 633 1526 687 qui
1551 633 1679 673 anhe-

144 710 274 751 lando
300 710 566 764 praefantur.
627 710 719 751 Ista
745 710 838 764 ipsa
864 710 993 764 Virgo
1021 710 1223 751 Caelestis
1249 710 1495 764 pluuiarum
1521 709 1680 764 pollici-

146 787 293 837 tatriX,
321 788 412 841 ipse
437 787 519 828 iste
545 787 825 840 Aesculapius
852 786 1163 827 medicinarum
1189 786 1523 835 demonstrator,
1552 785 1682 827 aliam

145 864 260 904 diem
289 864 508 905 morituris
537 863 740 904 Socordio
771 869 815 904 et
844 863 1024 904 Tenatio
1055 868 1098 904 et
1126 862 1430 916 Asclepiodoto
1460 862 1680 903 summini-
1703 879 1745 902 10

145 942 336 991 straturi,
356 941 437 982 nisi
455 955 499 982 se
517 941 749 982 daemones
767 940 948 981 confessi
966 940 1127 980 fuerint
1145 939 1386 981 Christiano
1405 940 1577 980 mentiri
1594 954 1681 981 non

147 1018 369 1067 audentes,
422 1018 584 1058 ibidem
635 1018 748 1058 illius
799 1017 1029 1058 Christiani
1082 1017 1371 1071 procacissimi
1427 1017 1681 1072 sanguinem

144 1095 336 1136 fundite!
399 1094 511 1144 Quid
540 1095 624 1135 isto
655 1108 782 1149 opere
811 1094 1109 1135 manifestius?
1173 1094 1285 1143 Quid
1316 1094 1396 1134 hac
1426 1094 1681 1148 probatione

144 1171 338 1212 fidelius?
401 1171 662 1225 Simplicitas
697 1171 895 1212 ueritatis
930 1171 974 1211 in
1010 1171 1151 1211 medio
1189 1176 1265 1212 est.
1326 1170 1474 1211 Virtus
1508 1170 1568 1210 illi
1604 1184 1683 1211 sua

145 1248 339 1298 adsistit3
393 1248 499 1288 nihil
536 1248 742 1302 suspicari
778 1248 937 1289 licebit.
998 1247 1140 1303 Magia
1176 1253 1254 1288 aut
1291 1247 1435 1301 aliqua
1473 1246 1681 1288 eiusmodi
1701 1262 1742 1294 15

145 1325 315 1366 fallacia
356 1324 446 1365 fieri
488 1324 657 1365 dicitis?
719 1324 818 1365 Non
860 1325 1024 1374 dicetis,
1069 1325 1102 1365 si
1145 1324 1256 1365 oculi
1298 1324 1430 1365 uestri
1473 1329 1517 1364 et-
1557 1337 1682 1364 aures

145 1403 417 1458 permiserint
444 1403 581 1444 uobis.
643 1403 757 1453 Quid
784 1409 932 1444 autem
958 1403 1059 1444 inici
1086 1409 1232 1458 potest
1259 1403 1466 1444 aduersus
1492 1402 1536 1443 id
1564 1402 1681 1457 quod

145 1479 389 1521 ostenditur
410 1479 528 1520 nuda
550 1480 824 1521 sinceritate?
887 1480 930 1521 Si
952 1480 1088 1521 altera
1110 1485 1234 1534 parte
1255 1493 1355 1520 uere
1377 1479 1445 1520 dei
1467 1483 1582 1528 sunt,
1607 1492 1682 1519 cur

145 1570 235 1598 sese
262 1557 490 1598 daemonia
518 1557 816 1598 mentiuntur?
878 1557 946 1597 An
973 1562 1024 1598 ut
1050 1557 1174 1598 nobis
1202 1556 1523 1611 obsequantur?
1586 1555 1681 1596 Iam

146 1647 243 1689 ergo
283 1633 477 1675 subiecta
517 1638 582 1674 est
621 1632 874 1674 Christianis
913 1633 1120 1674 diuinitas
1158 1638 1316 1687 uestra,
1357 1646 1436 1673 nec
1475 1631 1682 1673 diuinitas
1699 1649 1744 1672 20

145 1711 398 1766 deputanda
425 1716 490 1752 est
516 1725 627 1765 quae
653 1711 829 1752 subdita
857 1716 922 1752 est
947 1711 1111 1752 homini
1138 1716 1193 1761 et,
1222 1711 1257 1752 si
1283 1711 1388 1765 quid
1414 1710 1470 1751 ad
1496 1710 1682 1751 dedecus

145 1787 263 1837 facit,
293 1787 472 1828 aemulis
499 1788 598 1829 suis.
659 1787 702 1828 Si
729 1787 866 1828 altera
892 1793 1016 1842 parte
1043 1787 1274 1828 daemones
1301 1792 1404 1828 sunt
1430 1786 1499 1827 uel
1526 1786 1678 1841 angeli,

147 1878 221 1904 cur
245 1878 289 1905 se
313 1863 415 1905 alibi
439 1878 516 1919 pro
542 1864 632 1905 deis
656 1878 781 1919 agere
804 1864 1093 1918 respondent?
1155 1863 1269 1904 Nam
1294 1863 1406 1904 sicut
1429 1863 1489 1903 illi
1514 1863 1588 1918 qui
1613 1862 1681 1903 dei

146 1942 362 1983 habentur
399 1942 630 1983 daemones
666 1956 710 1982 se
747 1941 886 1982 dicere
922 1941 1172 1991 noluissent,
1212 1941 1245 1981 si
1282 1955 1383 1981 uere
1419 1940 1487 1980 dei
1524 1946 1678 1990 essent,

146 2019 307 2060 scilicet
331 2033 384 2060 ne
410 2033 453 2060 se
479 2019 531 2059 de
557 2019 786 2059 maiestate
811 2018 1088 2073 deponerent,
1115 2018 1178 2058 ita
1204 2023 1248 2058 et
1271 2017 1356 2067 isti,
1384 2031 1492 2071 quos
1517 2017 1680 2057 directo
1699 2032 1740 2064 25

146 2096 380 2137 daemonas
410 2097 559 2146 nostis,
592 2110 679 2137 non
711 2095 922 2136 auderent
951 2095 1053 2135 alibi
1084 2109 1161 2149 pro
1193 2095 1282 2135 deis
1313 2108 1448 2149 agere,
1482 2094 1516 2135 si
1547 2094 1679 2148 aliqui

146 2173 320 2213 omnino
359 2173 426 2213 dei
464 2178 618 2222 essent,
659 2187 843 2227 quorum
879 2171 1126 2213 nominibus
1164 2176 1361 2212 utuntur.
1421 2170 1680 2211 Vererentur

147 2250 260 2290 enim
300 2250 423 2291 abuti
463 2250 691 2291 maiestate
730 2249 947 2303 superiore
986 2249 1076 2290 sine
1115 2249 1248 2290 dubio
1289 2254 1332 2289 et
1372 2247 1676 2289 timendorum.

148 2326 265 2367 Adeo
287 2327 404 2367 nulla
427 2332 492 2368 est
513 2327 720 2367 diuinitas
741 2327 824 2367 ista
848 2341 979 2380 quam
1002 2326 1172 2375 tenetis,
1197 2325 1311 2380 quia,
1336 2325 1370 2366 si
1393 2329 1516 2374 esset,
1540 2338 1679 2378 neque

146 2418 170 2443 a
192 2404 429 2444 daemoniis
451 2404 744 2445 adfectaretur
764 2404 809 2444 in
832 2403 1097 2444 confessione
1117 2417 1257 2457 neque
1279 2417 1303 2442 a
1326 2402 1415 2442 deis
1435 2406 1676 2456 negaretur.
1697 2417 1741 2448 30

147 2480 253 2520 Cum
290 2494 386 2534 ergo
422 2486 608 2534 utraque
643 2495 742 2535 pars
777 2480 994 2521 concurrit
1027 2480 1071 2520 in
1107 2479 1417 2520 confessionem
1453 2479 1555 2519 deos
1590 2492 1679 2519 esse

145 2570 318 2610 negans,
351 2558 569 2611 agnoscite
600 2571 735 2597 unum
770 2571 904 2612 genus
939 2571 1040 2606 esse,
1072 2557 1117 2597 id
1152 2562 1218 2597 est
1247 2557 1494 2605 daemonas,
1527 2569 1678 2596 uerum

145 2633 387 2686 utrobique.
448 2634 542 2673 Iam
577 2634 680 2674 deos
713 2635 919 2688 quaerite.
981 2634 1098 2683 Quos
1131 2634 1244 2674 enim
1279 2633 1676 2688 praesumpseratis,

146 2709 378 2750 daemonas
426 2724 514 2751 esse
561 2711 828 2765 cognoscitis.
889 2711 1055 2752 Eadem
1101 2725 1203 2752 uero
1251 2725 1380 2765 opera
1426 2716 1574 2752 nostra
1621 2710 1676 2752 ab
