1827 3004
113 105 156 145 p.
185 96 265 135 122
287 95 314 136 l.
339 97 408 149 24]
622 97 1058 141 APOLOGETICVS·
1091 103 1145 140 42
1568 100 1644 138 42]

117 206 420 258 Christianum,
447 211 498 252 de
527 213 702 266 repudio
733 214 1071 267 spectaculorum.
1133 216 1184 255 cf.
1205 230 1235 255 c.
1269 217 1302 255 1.
1330 217 1365 255 2.
1395 216 1457 255 19.
1519 213 1651 256 Clom.

120 275 240 318 Alex.
262 278 515 334 Paedag.111
544 296 574 321 c.
597 284 642 320 11
677 280 715 337 Q
739 282 790 323 76
816 283 866 323 77
897 298 934 338 p.
960 286 1053 324 298.
1106 284 1263 325 Minue.
1290 286 1340 324 12
1362 283 1381 340 ἓ
1403 287 1440 324 5.
1471 283 1522 324 37
1546 283 1565 339 ξ
1589 287 1652 323 11.

118 344 351 387 Neumann
381 359 396 388 Ι
426 350 507 389 130
534 364 572 388 n.
597 352 635 390 9.

203 429 240 469 p.
267 417 348 455 122
373 416 394 456 l.
420 418 469 456 21
497 417 632 457 Blunt
656 418 790 471 Right
814 419 902 459 Use
925 422 1019 460 361.

202 499 239 539 p.
266 487 347 525 122
371 486 396 526 l.
421 489 472 526 22
506 487 626 542 Kaye
649 490 787 529 :3604
821 489 983 536 (trades
1014 490 1233 531 forbidden
1264 496 1308 531 ‘00
1337 490 1579 533 Christians
1608 491 1649 530 in
1674 511 1692 540 5

116 552 191 594 the
214 553 279 595 De
301 554 479 605 Idolol.).

202 635 323 664 TVRA
357 625 421 666 De
454 625 600 667 Idolol.
632 630 680 667 11
713 642 751 682 p.
775 630 828 668 42
860 628 881 668 l.
907 631 955 668 21
984 629 1105 670 117153.
1134 631 1203 683 (cf.
1234 631 1467 671 Neumann
1501 642 1515 670 I
1550 632 1652 682 135)

117 708 197 747 quo
239 709 308 735 ore
355 695 621 737 Christianus
668 697 872 746 turarius,
913 699 952 738 si
993 713 1074 752 per
1118 700 1273 753 templa
1327 700 1532 748 transibit,
1575 715 1651 754 quo

117 778 186 803 ore
211 763 434 818 fumantes
465 781 568 806 aras
595 766 765 821 despuet
794 773 830 808 et
856 768 1095 822 exsufflabit,
1117 769 1264 823 quibus
1291 769 1379 823 ipse
1405 769 1652 823 prospea'it?

115 830 180 872 De
226 831 319 873 Cor.
364 833 491 875 Milit.
538 837 592 875 10
639 850 691 876 m.
739 841 776 876 et
823 836 862 876 si
908 851 972 877 me
1020 837 1121 877 odor
1169 838 1351 879 alicuius
1400 838 1480 879 loci
1527 839 1649 893 offen-
1674 856 1716 878 10

110 900 233 949 derit,
283 901 474 943 Arabiae
527 903 695 958 aliquid
744 904 916 945 incendo
936 920 948 953 ;
1002 905 1072 945 sed
1123 921 1198 946 non
1253 907 1391 947 eodem
1444 907 1533 947 ritu
1579 921 1649 948 *nec

111 969 253 1010 eodem
297 970 441 1012 habitu
490 986 561 1013 nec
603 973 741 1014 eodem
786 979 1012 1027 apparatu,
1056 989 1134 1028 quo
1179 975 1323 1028 agitur
1365 976 1481 1030 apud
1522 975 1650 1017 idola.

110 1038 259 1094 Optat.
284 1051 338 1080 ΙΙΙ
360 1055 397 1096 p.
423 1043 476 1083 59
499 1043 595 1094 (62)
615 1042 728 1083 nulli
749 1043 907 1083 dictum
936 1049 993 1084 est
1015 1048 1110 1084 ‘aut
1133 1050 1198 1085 tus
1214 1048 1331 1098 'pone
1360 1051 1434 1085 aut
1456 1044 1651 1086 basilicas

111 1108 258 1150 dirue.’
330 1110 434 1151 istae
473 1112 585 1152 enim
626 1127 691 1153 res
731 1113 861 1153 solent
902 1113 1111 1166 martyria
1153 1128 1363 1167 yenerare.
1434 1113 1647 1170 Bingham

113 1189 237 1219 XXIII
272 1182 296 1220 2
330 1182 353 1221 5
388 1196 428 1236 p.
462 1183 554 1222 123.
617 1181 751 1224 Clem.
789 1182 909 1222 Alex.
949 1182 1128 1238 Paedag.
1167 1194 1220 1223 ΙΙΙ
1259 1185 1283 1223 8
1319 1183 1356 1224 εἰ
1389 1182 1540 1236 μύροις
1578 1185 1649 1225 καὶ
1673 1203 1714 1234 15

111 1248 346 1303 στεφάνοις·
376 1249 607 1306 χρηστέον.
670 1251 865 1292 Lactant.
899 1263 948 1291 IV
981 1254 1005 1292 3
1035 1250 1054 1307 ξ
1086 1253 1109 1292 9
1142 1251 1179 1307 (ξ
1206 1254 1231 1292 8
1262 1252 1299 1292 if
1325 1267 1349 1292 a
1379 1252 1652 1308 philosopher

110 1317 148 1357 is
179 1333 203 1358 a
233 1318 378 1373 priesb,
399 1319 673 1374 philosophia
703 1320 813 1362 inter
842 1336 967 1361 sacra
998 1321 1188 1373 cessabit)
1204 1337 1214 1361 .·
1246 1321 1328 1362 illa
1360 1322 1470 1362 enini
1500 1323 1648 1376 reliqio

114 1394 229 1429 muta
261 1394 329 1437 est,
352 1403 432 1430 nou
463 1395 628 1431 tantum
655 1390 756 1444 quia
784 1396 997 1432 mutorum
1025 1397 1094 1439 est,
1124 1391 1195 1432 sed
1223 1391 1320 1445 quia
1354 1391 1463 1432 ritus
1490 1392 1578 1432 eius
1605 1393 1646 1432 in

109 1471 241 1497 manu
268 1462 305 1498 et
336 1457 484 1511 diyiu's
513 1464 582 1507 est,
603 1473 684 1499 uon
715 1459 759 1499 in
789 1459 910 1501 corde
940 1465 1014 1500 aut
1045 1460 1202 1514 linqua,
1235 1460 1340 1500 sicut
1370 1465 1524 1508 nostra,
1545 1475 1650 1514 quae

109 1540 214 1566 uera
236 1532 303 1567 est.
365 1526 412 1567 cf.
437 1538 451 1566 Ι
477 1528 530 1577 20
551 1526 570 1581 ξ
593 1529 658 1568 26.
720 1526 802 1568 Ou.
826 1527 930 1569 Met.
952 1539 968 1568 Ι
992 1530 1075 1568 248
1098 1529 1192 1583 quis
1212 1529 1268 1569 sit
1295 1529 1461 1569 laturus
1480 1529 1526 1569 in
1549 1544 1650 1570 aras
1670 1549 1714 1571 20

111 1601 237 1645 tura;
269 1596 317 1636 cf.
341 1607 427 1636 VIII
451 1595 545 1637 277.

199 1679 236 1720 p.
262 1666 343 1705 122
368 1665 391 1705 l.
416 1668 469 1706 24
493 1677 704 1708 CARIORIS
729 1669 762 1720 )(
786 1667 933 1723 Migne
963 1679 1025 1708 LII
1050 1667 1132 1709 754
1155 1674 1163 1688 ⁴
1179 1668 1237 1709 ad
1265 1668 1338 1709 hoc
1365 1668 1498 1709 solum
1520 1668 1650 1709 uilius

108 1733 265 1775 emitur
294 1740 337 1775 ut
364 1735 506 1776 carius
527 1735 817 1778 distrahatur.'
879 1736 936 1778 So
954 1736 1042 1779 Cio.
1065 1737 1186 1778 Suet.
1208 1737 1252 1778 in
1282 1738 1388 1778 lexx.
1411 1738 1494 1778 and
1521 1738 1647 1793 Apul.

112 1803 289 1843 Metam.
314 1814 364 1843 IX
389 1805 454 1844 10.
515 1804 627 1859 Aug.
649 1804 715 1846 De
737 1804 889 1846 Trinifi.
914 1817 1001 1845 XIII
1031 1807 1056 1846 3
1090 1806 1169 1846 uili
1194 1805 1300 1847 «uelle
1328 1820 1459 1847 emere
1487 1812 1524 1847 et
1552 1821 1649 1847 caro

112 1871 300 1912 uendere.
362 1871 477 1925 [Add
510 1871 629 1914 Conf.
654 1884 703 1913 XI
737 1875 770 1914 2.
815 1873 952 1915 Serm.
979 1876 1032 1915 86
1063 1873 1097 1914 7.
1160 1874 1212 1914 A.
1233 1873 1293 1927 S]
1357 1873 1521 1914 Paulin.
1552 1874 1649 1915 Nol.
1669 1896 1712 1928 25

107 1955 174 1995 ep.
198 1942 251 1981 23
274 1942 329 1981 34
352 1942 377 1981 f.
410 1957 507 1983 caro
530 1944 782 1984 aestimauit.

196 2021 485 2053 CHRISTIANIS
517 2024 813 2054 SEPELIENDIS
851 2014 915 2054 De
953 2014 1099 2054 Idolol.
1136 2016 1184 2054 11
1220 2029 1257 2068 p.
1291 2016 1342 2054 41
1378 2014 1401 2054 I.
1436 2016 1489 2055 20
1524 2014 1646 2055 Wiss.

107 2079 306 2128 uiderint,
345 2081 383 2121 si
418 2081 584 2123 eaedem
623 2097 788 2131 merces,
825 2089 925 2124 tura
961 2083 1052 2124 dico
1089 2089 1125 2124 et
1162 2089 1295 2124 cetera
1332 2083 1649 2137 perefflinitatis

107 2149 166 2190 ad
195 2151 453 2205 sacrificium
484 2151 696 2193 idolorum
727 2153 854 2193 etiam
885 2152 1119 2194 hominibus
1147 2153 1204 2193 ad
1230 2153 1448 2207 piymenta
1478 2153 1646 2194 medici-

108 2219 240 2267 nalia,
274 2219 388 2261 nobis
425 2235 584 2275 quoque
619 2222 794 2276 insuper
831 2222 888 2262 ad
923 2223 1085 2264 solacia
1125 2223 1367 2276 sepulturae
1408 2222 1503 2262 usui
1542 2229 1712 2274 sunt.3o

108 2286 174 2328 De
197 2287 320 2329 Carn.
346 2289 492 2330 Resur.
518 2290 570 2333 27
592 2305 632 2345 p.
655 2293 708 2332 65
734 2291 756 2331 l.
780 2293 805 2331 3
836 2291 910 2332 ΚΓ.
933 2306 1110 2346 corpora
1139 2291 1347 2332 medicata
1376 2290 1648 2332 condimentis

107 2355 349 2408 sepulturae
370 2357 594 2398 mausoleis
615 2364 653 2399 et
674 2359 950 2400 monumentis
971 2365 1293 2413 sequestrantur.
1340 2358 1467 2413 Apul.
1491 2358 1526 2398 F
1530 2358 1646 2398 lorid.

107 2421 127 2477 ξ
146 2425 198 2465 19
222 2424 284 2465 ed.
309 2425 439 2465 Helm
462 2441 501 2480 p.
518 2427 573 2467 40
596 2427 621 2466 l.
640 2429 663 2467 2
687 2429 741 2479 (z
758 2427 869 2468 Oud.
890 2442 929 2482 p.
954 2429 1027 2475 94)
1048 2428 1138 2468 iam
1158 2427 1304 2468 miseri
1324 2427 1443 2467 illius
1463 2427 1645 2468 membra

108 2493 251 2533 omnia
273 2495 480 2535 aromatis
504 2510 735 2550 perspersa.
799 2496 987 2537 Cassian.
1011 2496 1162 2537 Colla‘c.
1189 2507 1252 2535 XV
1275 2498 1312 2537 3.
1374 2495 1498 2551 Greg.
1523 2495 1646 2551 Nyss.

107 2561 148 2602 in
194 2562 302 2603 Fun.
339 2563 505 2605 Meletii
547 2565 714 2620 (Migne
754 2565 796 2606 P.
832 2566 880 2605 G.
920 2576 1029 2605 XLVI
1069 2564 1201 2618 853b).
1273 2565 1384 2605 Iron.
1423 2576 1437 2604 Ι
1477 2567 1525 2604 21
1569 2563 1645 2620 §3
1667 2586 1710 2617 35

108 2630 187 2671 Ou.
211 2631 325 2672 Fast.
349 2643 401 2672 III
426 2634 502 2674 561
525 2634 659 2674 mioeta
680 2634 822 2675 bibunt
844 2634 984 2674 molles
1002 2634 1194 2674 lacrimis
1217 2640 1425 2687 unquenta
1444 2634 1645 2688 fituillae.

105 2715 145 2740 n.
175 2715 229 2740 on
261 2701 355 2741 qu.
389 2703 426 2742 4.
456 2704 537 2744 109
570 2703 654 2744 and
686 2703 772 2744 ind.
804 2704 881 2743 vol.
916 2715 950 2743 II
983 2718 1051 2744 sm.
1084 2709 1194 2744 tura.
1258 2703 1364 2744 Plin.
1398 2703 1510 2743 Hist.
1544 2703 1644 2744 Nat.

109 2780 178 2809 XII
206 2771 257 2808 41
288 2767 307 2823 Ε
329 2772 383 2811 83
411 2772 644 2812 aceruatim
672 2777 861 2826 conyesta
889 2771 1038 2812 honori
1064 2771 1321 2812 cadauerum
1348 2786 1453 2826 quae
1479 2772 1546 2812 dis
1567 2786 1647 2826 per
