1827 3004
128 129 174 166 12
687 111 1082 157 TERTVLLIANI

124 254 211 279 csse
239 252 367 291 quani
397 249 469 288 per
498 234 582 273 uini
612 229 812 281 neganti?
858 226 925 267 uel
954 239 1005 265 ne
1033 222 1278 276 compulsus
1304 232 1459 273 negare
1485 230 1572 256 non
1599 229 1651 255 ex

124 315 206 355 fide
233 313 395 365 negarit
423 317 463 351 ot
490 309 713 350 absolutus
739 304 897 345 ibidem
925 307 1023 355 post
1049 297 1239 340 tribunal
1265 297 1318 337 de
1343 299 1488 335 uestra
1514 292 1654 332 rideat

124 393 410 434 aemulatione
440 391 593 430 iterum
625 383 917 426 Christianus?
980 380 1087 421 Cum
1115 378 1246 432 igitur
1274 376 1318 416 in
1347 373 1547 415 omnibus
1576 385 1654 411 nos

125 474 247 514 aliter
270 471 494 525 disponitis
519 482 647 522 quain
673 471 835 505 ceteros
857 466 1073 507 nocentes,
1100 458 1155 498 ad
1178 470 1314 497 unum
1338 451 1652 500 contendendo,

126 559 172 592 ut
210 552 260 591 de
298 565 344 589 eo
381 548 551 588 nomine
589 544 868 585 excludamur
905 538 1190 592 (excludimur
1226 535 1339 575 enim
1376 533 1409 574 si
1446 532 1694 573 faciamus5

125 644 234 684 quae
273 629 436 668 faciunt
474 640 558 666 non
597 622 857 673 Christiani),
896 618 1140 672 intellegere
1178 614 1360 669 potestis
1397 626 1483 652 non
1521 610 1657 651 scelus

126 709 298 763 aliquod
322 709 363 748 in
387 721 513 747 causa
537 718 638 752 esse,
663 702 736 743 sed
758 714 928 748 nomen,
953 697 1070 752 quod
1093 695 1308 750 quaedam
1329 693 1440 733 ratio
1463 690 1658 732 aemulae

128 787 387 841 operationis
416 784 668 837 insequitur,
702 781 780 821 hoc
812 779 999 833 primum
1031 790 1173 830 agens,
1206 779 1257 814 ut
1290 772 1484 812 homines
1518 770 1660 810 nolint

128 869 232 908 scire
250 882 324 921 pro
343 871 457 906 certo
477 863 592 918 quod
610 877 653 903 se
670 861 830 901 nescire
848 873 924 912 pro
944 862 1059 897 certo
1077 855 1232 896 sciunt.
1294 852 1397 892 Ideo
1417 856 1460 892 et
1478 850 1660 890 credunt

129 948 180 987 de
211 947 330 987 nobis
358 959 467 999 (uiuae
495 957 578 983 non
607 941 859 996 probantur,
891 943 934 978 et
960 928 1116 981 nolunt
1142 933 1312 988 inquiri,
1342 946 1395 972 ne
1423 930 1661 985 probentur
1683 942 1725 964 10

130 1042 215 1067 non
257 1041 344 1066 esse
386 1039 495 1078 quae
537 1022 706 1063 malunt
747 1019 987 1066 credidisse,
1023 1022 1075 1057 ut
1115 1028 1273 1055 nomen
1313 1012 1425 1053 illius
1467 1009 1662 1051 aemulae
1702 996 1777 1063 ἤι’

130 1108 306 1148 rationis
347 1106 567 1146 inimicum
609 1100 910 1157 praesumptis,
954 1112 1040 1138 non
1082 1095 1277 1151 probatis
1319 1091 1568 1133 criminibus
1610 1089 1663 1130 de

130 1202 206 1228 sua
231 1187 318 1227 sola
344 1185 606 1225 confessione
630 1183 873 1222 damnetur.
933 1178 1037 1219 Ideo
1062 1182 1316 1230 torquemur
1340 1172 1596 1213 confitentes
1620 1175 1664 1210 et

132 1269 332 1322 punimur
365 1269 685 1320 perseuerantes
718 1268 761 1303 et
793 1260 1058 1302 absoluimur
1090 1261 1310 1312 negantes,
1346 1254 1446 1308 quia
1478 1250 1664 1292 nominis
1702 1284 1707 1291 .

134 1347 339 1401 proelium
373 1351 448 1385 est.
509 1343 705 1396 Denique
737 1340 841 1395 quid
874 1340 926 1380 de
958 1337 1118 1379 tabella
1149 1334 1342 1376 recitatis
1372 1332 1493 1373 illum
1527 1330 1664 1371 Chris·
1688 1347 1728 1377 15

134 1428 327 1468 tianum'?
390 1425 473 1465 Cur
506 1437 592 1464 non
627 1428 670 1462 et
705 1420 992 1461 homicidam?
1056 1417 1098 1458 Si
1133 1414 1348 1456 homicida
1383 1411 1664 1459 Christianus,

137 1522 209 1547 cur
230 1521 315 1546 non
337 1511 379 1546 et
400 1505 586 1545 incestus
607 1502 674 1543 uel
696 1501 984 1555 quodcunque
1006 1497 1123 1538 aliud
1145 1510 1234 1536 esse
1254 1509 1332 1535 nos
1354 1492 1552 1534 creditis?
1615 1491 1667 1531 In

136 1586 257 1626 nobis
302 1585 400 1625 solis
440 1583 576 1637 pudet
620 1587 697 1622 aut
738 1581 855 1635 piget
894 1578 998 1633 ipsis
1036 1575 1284 1617 nominibus
1324 1573 1530 1614 scelerum
1572 1585 1666 1624 pro-

136 1665 360 1704 nuntiare?
422 1661 688 1703 Christianus
730 1660 763 1700 si
806 1658 963 1699 nullius
1006 1655 1193 1697 criminis
1234 1653 1408 1694 nomine
1449 1665 1546 1691 reus
1589 1654 1665 1698 est,

138 1743 262 1783 ualde
292 1743 514 1790 incestum,
548 1741 581 1781 si
612 1740 741 1780 solius
770 1738 968 1786 nominis,
1002 1736 1161 1777 crimen
1193 1740 1269 1775 est.
1689 1743 1733 1764 20

220 1884 261 1924 3.
321 1883 431 1932 Quid
445 1884 458 1923 ’ἶ
510 1881 625 1935 quod
657 1881 718 1921 ita
751 1880 942 1934 plerique
974 1878 1128 1918 clausis
1160 1876 1292 1917 oculis
1323 1875 1368 1915 in
1399 1873 1547 1914 odium
1580 1872 1670 1912 eius

138 1964 379 2017 inpingunt,
416 1968 463 2003 ut
499 1962 659 2002 bonum
693 1961 818 2000 alicui
852 1958 1150 2000 testimonium
1184 1957 1369 1996 ferentes
1402 1954 1672 1994 admisceant

140 2044 321 2083 nominis
343 2042 731 2095 exprobrationem.
793 2040 939 2079 Bonus
960 2039 1025 2078 uir
1048 2038 1179 2078 Gaius
1201 2036 1333 2084 Seius,
1357 2040 1532 2075 tantum
1554 2032 1672 2087 quod

142 2122 418 2162 (ssiristianus.
479 2122 591 2161 Item
613 2121 741 2161 alius:
777 2120 868 2173 Ego
890 2119 1020 2158 miror
1042 2117 1223 2157 Lucium
1246 2115 1407 2155 Titium
1429 2114 1671 2167 sapientem

142 2202 281 2242 uirum
310 2207 483 2255 repente
510 2202 674 2241 factum
705 2200 1009 2240 Christianum.
1070 2197 1208 2237 Nemo
1238 2200 1461 2243 retractat,
1494 2207 1547 2233 ne
1575 2192 1671 2233 ideo
1694 2187 1760 2240 25‘

143 2281 280 2321 bonus
295 2280 424 2320 Gaius
439 2287 481 2320 et
495 2280 681 2333 prudens
696 2280 864 2328 Lucius,
882 2279 982 2332 quia
997 2277 1278 2324 Christianus,
1295 2280 1373 2315 aut
1385 2274 1481 2314 ideo
1496 2272 1671 2314 Christi-

145 2376 263 2409 anus,
283 2362 381 2414 quia
404 2361 589 2414 prudens
611 2366 653 2401 et
674 2361 825 2400 bonus.
887 2359 1090 2399 Laudant
1111 2371 1222 2411 quae
1242 2356 1397 2404 sciunt,
1420 2355 1675 2407 uituperant

146 2455 255 2493 quae
279 2441 489 2490 ignorant,
518 2446 559 2480 et
584 2440 627 2479 id
653 2440 769 2493 quod
794 2440 936 2479 sciunt
961 2453 1008 2478 eo
1035 2437 1151 2491 quod
1175 2437 1378 2491 ignorant
1401 2435 1671 2487 inrumpunt,

146 2533 240 2559 cum
267 2519 323 2559 sit
348 2519 499 2559 iustius
525 2520 692 2559 occulta
719 2519 771 2559 de
798 2518 1036 2559 manifestis
1062 2516 1355 2571 praeiudicare
1381 2528 1513 2568 quam
1539 2511 1673 2552 mani-

147 2597 255 2637 festa
299 2597 350 2637 de
395 2598 570 2638 occultis
614 2598 937 2651 praedamnare.
997 2596 1093 2645 Alii,
1140 2610 1248 2649 quos
1290 2599 1405 2634 retro
1450 2598 1552 2633 ante
1595 2591 1677 2631 hoc
1695 2607 1740 2637 30

147 2691 301 2716 nomen
326 2691 468 2727 uagos,
495 2677 611 2725 uiles,
636 2677 854 2738 improbos
878 2681 1103 2724 nouerant,
1129 2689 1182 2715 ex
1205 2675 1298 2728 ipso
1322 2673 1536 2714 denotant
1560 2670 1677 2724 quod

149 2755 340 2795 laudant.
402 2756 616 2795 Caecitate
636 2756 721 2795 odii
740 2756 781 2795 in
802 2755 1053 2809 suffragium
1072 2755 1326 2808 inpingunt:
1364 2752 1482 2801 Quae
1502 2750 1674 2791 mulier!
