1827 3004
55 92 105 131 92
623 89 1021 130 TERTVLLIANI

53 203 275 257 religiones
312 217 441 257 regna
479 208 716 257 praestant,
755 217 981 257 nunquam
1018 208 1132 244 retro
1170 204 1334 244 Iudaea
1371 208 1591 258 regnasset

54 271 297 325 despectrix
334 272 629 312 communium
666 271 848 312 istarum
886 271 1182 322 diuinitatum,
1223 273 1344 313 cuius
1381 278 1425 313 et
1461 272 1591 312 deum

54 340 241 380 uictimis
277 345 320 380 et
354 340 567 393 templum
602 339 726 380 donis
761 345 805 380 et
837 346 1010 394 gentem
1045 341 1289 381 foederibus
1323 340 1592 394 aliquamdiu

55 409 241 449 Romani
283 408 538 457 honorastis,
580 422 821 462 numquam
862 409 1126 450 dominaturi
1167 409 1268 459 eius,
1311 409 1345 450 si
1385 409 1465 450 deo
1505 423 1593 449 non

55 477 305 531 deliquisset
336 477 489 517 ultimo
520 477 565 517 in
596 477 827 518 Christum.
1613 493 1632 525 5

137 607 210 647 27.
270 607 384 647 Satis
418 607 522 647 haec
555 607 762 647 aduersus
793 607 1130 647 intentationem
1162 607 1302 648 laesae
1334 607 1590 653 diuinitatis,

55 690 140 729 quo
173 690 260 716 non
296 675 522 716 uideamur
557 675 725 716 laedere
761 689 856 716 eam
893 690 1025 729 quam
1062 676 1330 717 ostendimus
1366 690 1453 716 non
1489 690 1602 716 esse.»

55 744 193 798 Igitur
218 744 443 798 prouocati
469 744 525 784 ad
550 744 881 785 sacrificandum
907 744 1174 785 obstruimus
1198 745 1380 799 gradum
1407 759 1483 798 pro
1510 744 1594 784 fide

54 813 341 853 conscientiae
367 818 554 862 nostrae,
584 827 670 867 qua
699 813 803 853 certi
831 828 979 854 sumus
1007 813 1063 854 ad
1091 828 1199 868 quos
1226 814 1309 854 ista
1338 813 1595 868 perueniant

55 881 192 922 officia
229 881 308 922 sub
344 882 584 936 imaginum
620 882 929 936 prostitutione
965 887 1009 923 et
1044 882 1334 923 humanorum
1370 882 1595 922 nominum
1619 899 1659 921 10

55 951 388 991 consecratione.
450 950 533 991 Sed
557 950 735 1004 quidam
759 950 1024 991 dementiam
1049 951 1314 1000 existimant,
1341 951 1470 1004 quod,
1497 964 1594 991 cum

54 1026 267 1079 possimus
301 1031 344 1066 et
378 1026 616 1066 sacrificare
650 1026 694 1066 in
728 1026 945 1080 praesenti
980 1031 1024 1066 et
1056 1026 1205 1066 inlaesi
1240 1025 1358 1066 abire
1392 1031 1596 1066 manente

54 1100 172 1155 apud
214 1101 408 1141 animum
451 1101 687 1155 proposito,
733 1101 1072 1142 obstinationem
1115 1101 1245 1141 saluti
1289 1100 1594 1155 praeferamus.

54 1176 181 1216 Datis
205 1175 367 1216 scilicet
390 1175 628 1225 consilium,
655 1190 741 1230 quo
766 1175 889 1216 uobis
912 1175 1170 1223 abuta1nur3
1211 1175 1286 1216 sed
1310 1176 1594 1230 agnoscimus,

54 1250 169 1292 unde
204 1251 309 1291 talia
345 1256 643 1306 suggerantur,
682 1251 778 1304 quis
814 1256 958 1291 totum
995 1250 1075 1291 hoc
1111 1251 1259 1305 agitet,
1299 1255 1342 1291 et
1378 1251 1596 1304 quomodo
1620 1267 1659 1298 15

54 1340 168 1367 nunc
198 1327 361 1367 astutia
392 1326 602 1367 suadendi
632 1340 748 1366 nunc
778 1325 938 1367 duritia
968 1326 1187 1366 saeuiendi
1218 1325 1274 1366 ad
1304 1326 1596 1367 constantiam

54 1407 249 1442 nostram
266 1401 536 1442 deiciendam
553 1406 766 1455 operetur.
828 1401 904 1441 Ille
921 1401 1083 1441 scilicet
1098 1401 1275 1455 spiritus
1292 1401 1597 1442 daemoniacae

57 1482 99 1517 et
124 1477 340 1531 angelicae
365 1482 610 1530 paraturae,
639 1477 712 1531 qui
737 1482 883 1517 noster
908 1476 963 1517 ob
990 1476 1227 1517 diuortium
1253 1477 1448 1517 aemulus
1474 1482 1517 1517 et
1541 1476 1596 1518 ob

56 1551 123 1591 dei
144 1552 329 1605 gratiam
350 1552 525 1592 inuidus
546 1552 598 1592 de
620 1552 839 1593 mentibus
860 1552 1016 1592 uestris
1036 1552 1243 1592 aduersus
1264 1566 1341 1592 nos
1363 1552 1598 1606 proeliatur

56 1626 224 1666 occulta
254 1626 536 1680 inspiratione
565 1626 800 1667 modulatis
830 1632 873 1667 et
901 1626 1148 1666 subornatis
1177 1625 1233 1666 ad
1262 1640 1435 1666 omnem
1465 1640 1597 1680 quam
1618 1642 1661 1664 20

54 1700 99 1740 in
114 1701 347 1754 primordio
364 1701 501 1741 exorsi
517 1716 666 1742 sumus
681 1706 724 1742 et
737 1701 957 1741 iudicandi
973 1701 1301 1755 peruersitatem
1318 1706 1362 1741 et
1378 1700 1598 1741 saeuiendi

55 1774 346 1828 iniquitatem.
408 1775 521 1816 Nam
546 1776 647 1816 licet
672 1776 866 1816 subiecta
892 1776 949 1816 sit
974 1775 1097 1816 nobis
1123 1780 1218 1816 tota
1244 1775 1309 1815 uis
1335 1775 1597 1816 daemonum

57 1854 101 1889 et
132 1849 341 1890 eiusmodi
371 1850 615 1904 spirituum,
649 1855 699 1891 ut
729 1864 917 1904 nequam
949 1855 1096 1890 tamen
1128 1855 1171 1897 et
1201 1850 1313 1890 serui
1344 1854 1465 1890 metu
1494 1863 1598 1890 non-

57 1938 282 1977 nunquam
309 1925 629 1965 contumaciam
656 1925 850 1973 miscent,
880 1929 923 1965 et
947 1924 1115 1964 laedere
1140 1924 1334 1978 gestiunt
1359 1938 1467 1977 quos
1493 1924 1599 1964 alias

58 2004 273 2039 uerentur.
337 1998 495 2039 Odium
528 2000 642 2039 enim
676 1999 807 2040 etiam
840 1999 970 2039 timor
1002 1999 1151 2053 spirat.
1212 1999 1523 2053 Praeterquam
1557 2004 1600 2040 et
1621 2017 1661 2048 25

58 2073 285 2127 desperata
312 2074 505 2115 condicio
531 2089 679 2115 eorum
706 2089 757 2114 ex
782 2074 1169 2128 praedamnatione
1194 2074 1398 2114 solatium
1423 2079 1600 2127 reputat

59 2148 265 2188 fruendae
308 2148 481 2189 interim
526 2149 809 2203 malignitatis
853 2149 905 2189 de
948 2163 1112 2202 poenae
1156 2163 1288 2189 mora.
1350 2149 1409 2189 Et
1452 2154 1600 2189 tamen

58 2222 313 2275 adprehensi
338 2223 597 2278 subiguntur
621 2230 665 2264 et
688 2223 929 2264 condicioni
953 2238 1055 2264 suae
1079 2223 1321 2273 succidunt,
1348 2229 1391 2264 et
1415 2238 1523 2277 quos
1547 2223 1599 2263 de

59 2297 293 2351 longinquo
315 2304 584 2352 oppugnant,
609 2299 662 2338 de
684 2298 880 2352 proximo
903 2297 1144 2338 obsecrant.
1206 2298 1363 2352 Itaque
1386 2312 1484 2338 cum
1506 2298 1600 2338 uice

59 2371 360 2412 rebellantium
395 2373 707 2426 ergastulorum
742 2373 831 2413 siue
866 2386 1084 2413 carcerum
1118 2372 1186 2412 uel
1220 2373 1494 2413 metallorum
1532 2372 1599 2412 uel
1621 2394 1664 2425 30

60 2446 139 2486 hoc
158 2460 290 2500 genus
308 2448 500 2500 poenalis
518 2448 741 2488 seruitutis
760 2453 995 2501 erumpunt
1012 2447 1219 2487 aduersus
1239 2462 1328 2496 nos,
1349 2447 1393 2487 in
1414 2461 1599 2500 quorum

60 2526 278 2574 potestate
307 2527 421 2571 sunt,
454 2523 557 2563 certi
587 2528 630 2563 et
658 2523 828 2576 inpares
857 2537 900 2562 se
930 2536 1019 2562 esse
1048 2527 1091 2562 et
1119 2522 1198 2562 hoc
1228 2522 1365 2576 magis
1394 2521 1597 2575 perditos,

58 2595 239 2649 ingratis
263 2597 500 2637 resistimus
524 2602 574 2637 ut
598 2597 800 2651 aequales
824 2602 867 2637 et
891 2611 1183 2651 repugnamus
1208 2601 1533 2650 perseuerantes
1556 2596 1600 2636 in

61 2684 108 2710 eo
145 2670 261 2724 quod
295 2677 553 2725 oppugnant
587 2677 630 2712 et
663 2672 757 2712 illos
791 2686 1016 2725 nunquam
1052 2671 1187 2725 magis
1222 2670 1599 2725 detriumphamus

62 2759 193 2798 quam
224 2759 321 2785 cum
352 2760 428 2799 pro
459 2746 558 2786 fidei
588 2746 882 2787 obstinatione
911 2747 1183 2787 damnamur.
1620 2766 1664 2798 35
