1827 3004
191 83 214 120 4
382 114 385 117 .
754 77 1150 119 TERTVLLIANI

189 194 274 234 odii
296 194 461 235 iustitia
485 194 742 241 defenditur,
769 206 878 246 quae
902 206 988 231 non
1011 191 1063 231 de
1087 196 1259 239 euentu,
1285 190 1359 230 sed
1382 190 1434 230 de
1458 190 1720 230 conscientia

188 269 411 322 probanda
450 271 540 309 est?
602 269 709 309 Cum
747 282 844 321 ergo
883 272 1110 321 propterea
1148 266 1333 307 oderunt
1371 266 1577 315 homines,
1618 266 1719 319 quia

187 348 387 401 ignorant
414 349 538 402 quale
564 348 620 388 sit
647 347 763 401 quod
789 346 986 395 oderunt,
1015 360 1090 385 cur
1114 360 1201 385 non
1226 345 1354 386 liceat
1380 345 1587 385 eiusmodi
1614 345 1719 385 illud

188 439 289 473 esse,
327 425 442 478 quod
477 440 561 465 non
598 424 785 464 debeant
820 423 984 463 odisse?
1047 422 1117 462 Ita
1152 427 1388 475 utrumque
1423 436 1475 462 ex
1509 421 1718 462 alterutro

187 502 492 557 redarguimus,
524 508 565 542 et
592 502 786 555 ignorare
813 500 918 549 illos,
949 499 1053 540 dum
1081 499 1279 548 oderunt,
1310 504 1353 539 et
1380 499 1537 540 iniuste
1565 499 1715 549 odisse,
1740 513 1761 543 5

186 578 289 619 dum
312 579 523 633 ignorant.
585 578 896 619 Testimonium
917 575 1186 631 ignorantiae
1209 580 1285 624 est,
1310 590 1421 629 quae
1440 575 1716 630 iniquitatem

185 655 289 696 dum
319 661 507 705 excusat,
539 655 812 703 condemnat,
844 668 941 694 cum
970 666 1119 693 omnes
1147 652 1220 706 qui
1248 657 1362 692 retro
1391 652 1585 702 oderant,
1617 653 1717 707 quia

184 732 444 786 ignorabant
475 733 600 786 quale
630 732 687 772 sit
717 730 834 785 quod
864 730 1059 779 oderant,
1100 729 1227 770 simul
1266 729 1470 770 desinunt
1507 730 1714 784 ignorare,

185 815 353 850 cessant
377 815 419 850 et
444 810 594 850 odisse.
655 810 722 849 Ex
748 809 812 849 his
836 808 948 848 fiunt
972 807 1216 855 Christiani,
1243 807 1394 861 utique
1418 807 1471 847 de
1496 813 1714 862 conperto,

184 891 227 926 et
252 886 465 940 incipiunt
491 887 629 927 odisse
657 885 773 939 quod
801 885 985 934 fuerant,
1016 889 1060 924 et
1086 883 1277 938 profiteri
1305 884 1423 937 quod
1449 884 1643 933 oderant,
1674 890 1717 925 et
1742 904 1786 925 10

182 967 284 1002 sunt
337 963 449 1003 tanti
504 962 656 1016 quanti
712 967 755 1002 et
808 961 1079 1001 denotamur.
1142 959 1371 1000 Obsessam
1424 960 1718 1001 uociferantur

183 1042 427 1091 ciuitatemg
468 1043 511 1083 in
536 1043 659 1097 agris,
684 1043 728 1083 in
753 1041 950 1090 castellis,
976 1041 1020 1081 in
1043 1040 1192 1081 insulis
1217 1040 1503 1089 Christianos3
1544 1055 1715 1081 omnem

181 1136 343 1171 sexum,
374 1128 576 1171 aetatem,
607 1122 914 1170 condicionem,
945 1121 1077 1161 etiam
1105 1119 1364 1174 dignitatem
1391 1120 1631 1174 transgredi
1660 1120 1714 1161 ad

182 1201 261 1241 hoc
284 1216 439 1243 nomen
464 1203 585 1257 quasi
610 1203 870 1243 detrimento
895 1206 1101 1250 maerent,
1128 1214 1206 1241 nec
1229 1206 1377 1241 tamen
1402 1200 1482 1240 hoc
1505 1200 1634 1241 modo
1659 1201 1714 1241 ad

180 1281 525 1321 aestimationem
552 1282 730 1322 alicujus
756 1281 933 1322 latentis
960 1280 1062 1321 boni
1089 1285 1350 1334 promouent
1376 1280 1555 1320 animos.
1616 1279 1713 1320 Non
1739 1297 1781 1328 ยน5

178 1359 277 1400 licet
302 1361 458 1401 rectius
483 1361 702 1415 suspicari,
730 1375 816 1401 non
841 1360 948 1400 libet
973 1360 1149 1414 propius
1175 1359 1369 1413 experiri.
1429 1359 1513 1399 Hic
1538 1365 1713 1400 tantum

179 1440 401 1481 curiositas
435 1441 623 1481 humana
657 1440 876 1495 torpescit.
936 1440 1101 1480 Amant
1132 1440 1340 1494 ignorare,
1377 1453 1475 1479 cum
1508 1440 1579 1480 alii
1611 1455 1709 1495 gau-

178 1519 310 1560 deant
347 1521 606 1575 cognouisse.
669 1521 842 1569 Quanto
880 1519 1017 1574 magis
1054 1519 1131 1560 hos
1168 1519 1427 1559 Anacharsis
1463 1518 1713 1560 denotasset

176 1600 455 1654 inprudentes
498 1602 550 1642 de
594 1601 881 1656 prudentibus
923 1600 1165 1641 iudicantes
1209 1614 1341 1654 quam
1384 1599 1616 1640 inmusicos
1660 1600 1712 1641 de

178 1681 369 1722 musicis!
431 1682 600 1722 Malunt
649 1682 823 1730 nescire,
877 1681 978 1735 quia
1027 1681 1115 1721 iam
1166 1680 1363 1721 oderunt.
1424 1680 1544 1720 Adeo
1595 1681 1711 1734 quod
1734 1699 1779 1719 20

177 1761 370 1801 nesciant
386 1762 683 1815 praeiudicant
698 1762 742 1802 id
759 1776 847 1802 esse
865 1761 994 1815 quod,
1013 1762 1046 1801 si
1063 1761 1214 1810 sciant,
1234 1760 1372 1801 odisse
1387 1775 1473 1800 non
1491 1766 1707 1814 poterant,

177 1841 362 1893 quando,
412 1842 445 1881 si
493 1842 657 1882 nullum
706 1842 791 1882 odii
840 1841 1036 1881 debitum
1084 1840 1445 1895 deprehendatur,
1495 1841 1709 1894 optimum

175 1919 325 1973 utique
346 1921 402 1960 sit
423 1921 613 1961 desinere
633 1921 790 1961 iniuste
812 1921 964 1969 odisse,
988 1920 1021 1960 si
1043 1934 1145 1960 uero
1167 1920 1220 1960 de
1242 1919 1395 1959 merito
1417 1925 1598 1969 Constet,
1622 1935 1709 1961 non

176 1999 303 2039 modo
339 2000 442 2040 nihil
477 2000 562 2040 odii
599 2000 866 2048 detrahatur,
904 1999 978 2040 sed
1013 1999 1199 2053 amplius
1233 1988 1491 2052 adquiratur
1525 1999 1580 2040 ad
1616 2014 1706 2053 per-

176 2079 474 2128 seuerantiam,
505 2079 635 2119 etiam
660 2079 852 2119 iustitiae
877 2079 1011 2132 ipsius
1036 2079 1312 2119 auctoritate.
1373 2077 1457 2119 Sed
1482 2093 1569 2119 non
1594 2079 1704 2129 ideo,
1730 2097 1774 2128 25

174 2158 328 2211 inquit,
355 2159 529 2206 bonum,
557 2160 657 2213 quia
682 2159 842 2200 multos
866 2159 1104 2199 conuertit:
1147 2158 1300 2212 quanti
1326 2158 1439 2198 enim
1463 2158 1519 2198 ad
1544 2159 1706 2199 malum

175 2238 518 2290 performantur?
550 2240 701 2292 quanti
729 2239 978 2293 transfugae
1004 2239 1048 2279 in
1076 2239 1352 2292 peruersum?
1416 2238 1519 2287 Quis
1545 2240 1702 2293 negat?

175 2323 320 2358 tamen
362 2319 477 2371 quod
518 2334 615 2359 uere
656 2320 818 2359 malum
860 2325 936 2368 est,
980 2333 1033 2359 ne
1073 2319 1153 2373 ipsi
1196 2319 1383 2372 quidem,
1428 2333 1534 2372 quos
1576 2320 1703 2373 rapit,

175 2397 399 2437 defendere
439 2413 514 2451 pro
556 2399 665 2439 bono
704 2399 879 2439 audent.
942 2399 1078 2440 Omne
1117 2399 1279 2439 malum
1319 2404 1397 2439 aut
1435 2399 1589 2439 timore
1627 2404 1706 2439 aut

174 2477 335 2529 pudore
382 2483 536 2518 natura
584 2479 785 2532 perfudit.
846 2480 1043 2533 Denique
1090 2479 1271 2518 malefici
1317 2478 1510 2532 gestiunt
1554 2478 1700 2528 latere,
1725 2496 1771 2526 30

174 2555 372 2596 deuitant
405 2571 621 2610 apparere,
659 2558 879 2611 trepidant
913 2558 1177 2612 deprehensi,
1214 2562 1375 2612 negant
1409 2557 1611 2605 accusati,
1648 2571 1701 2597 ne

174 2636 274 2675 torti
320 2636 491 2689 quidem
535 2637 656 2676 facile
699 2644 776 2678 aut
818 2652 984 2691 semper
1028 2637 1301 2686 confitentur,
1347 2642 1460 2676 certe
1503 2636 1699 2677 damnati

172 2721 376 2755 maerent.
436 2716 723 2756 Dinumerant
758 2718 801 2757 in
838 2717 1089 2770 semetipsos
1126 2717 1282 2756 mentis
1319 2715 1457 2756 malae
1493 2715 1696 2768 impetus,
