1827 3004
143 129 194 167 24
709 127 1106 167 TERTVLLIANI

141 242 312 294 proauis
331 242 634 281 ‘renuntiastis
697 241 905 281 Laudatis
935 255 1103 295 semper
1133 242 1456 296 antiquitatem,
1491 248 1534 283 et
1564 258 1676 284 noue

141 326 193 365 de
227 326 294 366 die
328 326 487 366 uiuitis.
549 326 628 365 Per
663 326 779 379 quod
814 326 1069 376 ostenditur,
1107 327 1210 367 dum
1246 341 1270 368 a
1304 327 1429 368 bonis
1463 328 1675 369 maiorum

141 411 352 451 institutis
394 410 612 459 deceditis,
658 425 705 451 ea
749 424 827 450 uos
868 411 1050 451 retinere
1093 417 1137 452 et
1179 412 1395 452 custodire
1437 427 1548 466 quae
1589 428 1676 454 non

141 495 361 542 debuistis,
396 509 493 535 cum
527 510 637 549 quae
669 495 878 535 debuistis
910 510 996 535 non
1029 497 1290 537 custodistis.
1352 497 1501 551 Ipsum
1534 498 1677 539 adhuc

142 580 257 632 quod
308 580 513 619 uidemini
561 579 807 620 fidelissime
862 581 973 620 tueri
1028 595 1052 620 a
1105 581 1302 635 patribus
1353 583 1581 631 traditum,
1630 584 1674 624 in
1695 601 1714 631 5

140 678 225 716 quo
261 664 553 718 principaliter
592 679 684 705 reos
724 666 1072 719 transgressionis
1112 667 1376 709 Christianos
1411 668 1673 719 destinastis,

140 749 333 789 studium
375 749 469 789 dico
511 749 689 789 deorum
731 750 1020 800 colendorum,
1065 751 1118 792 de
1159 767 1244 806 quo
1286 753 1474 794 maxime
1516 755 1676 795 errauit

140 834 390 887 antiquitas,
422 834 521 875 licet
550 834 743 888 Serapidi
772 835 859 875 iam
888 836 1088 878 Romano
1118 852 1213 878 aras
1242 840 1545 889 restruxeritis,
1576 840 1675 881 lieet

141 918 310 959 Baccho
334 919 419 959 iam
443 919 595 960 Italico
618 920 751 960 furias
773 926 940 961 uestras
961 921 1206 973 immoletis,
1232 938 1308 965 suo
1330 924 1423 966 loeo
1447 926 1674 966 ostendam

138 1003 316 1056 proinde
340 1003 499 1058 despici
525 1010 567 1044 et
590 1005 753 1059 neglegi
779 1010 821 1045 et
846 1005 1009 1047 destrui
1034 1021 1058 1047 a
1083 1008 1207 1049 uobis
1231 1009 1438 1050 aduersus
1461 1011 1673 1051 maiorum
1698 1030 1740 1052 10

136 1089 456 1130 auctoritatem.
517 1089 643 1130 Nunc
691 1090 803 1130 enim
851 1091 907 1131 ad
953 1092 1071 1133 illam
1119 1094 1387 1135 occultorum
1433 1096 1673 1137 facinorum

136 1172 360 1213 infamiam
390 1174 670 1227 respondebo,
704 1180 754 1215 ut
784 1175 901 1216 uiam
932 1177 1036 1218 mihi
1066 1178 1123 1218 ad
1152 1180 1448 1221 manifestiora
1478 1195 1691 1236 purgem„

1643 1236 1705 1300 se

1694 1301 1713 1310 α

218 1319 259 1358 7.
319 1319 512 1360 Dicimur
555 1321 870 1362 sceleratissimi
914 1323 967 1363 de
1011 1331 1281 1367 sacramento
1325 1327 1585 1370 infanticidii
1630 1335 1673 1371 et

135 1403 293 1456 pabulo
312 1404 423 1453 inde,
446 1410 488 1445 et
506 1411 605 1459 post
624 1407 872 1447 conuiuium
890 1408 1067 1459 incesto,
1090 1411 1206 1464 quod
1224 1426 1441 1454 euersores
1458 1413 1671 1455 luminum

134 1502 272 1539 canes,
296 1490 468 1531 lenones
489 1491 650 1532 scilicet
672 1492 961 1543 tenebrarum,
986 1495 1214 1536 libidinum
1236 1497 1467 1551 impiarum
1488 1499 1532 1540 in
1554 1514 1670 1540 uere-
1695 1517 1735 1549 15

133 1568 335 1609 cundiam
374 1576 618 1623 procurent.
678 1571 874 1612 Dicimur
912 1579 1061 1615 tamen
1099 1590 1278 1631 semper,
1320 1592 1397 1618 nec
1436 1594 1514 1620 uos
1554 1581 1671 1634 quod

133 1653 224 1688 tam
256 1648 330 1689 diu
360 1648 542 1690 dicimur
572 1665 716 1691 eruere
748 1653 921 1693 curatis.
982 1654 1095 1709 Ergo
1127 1661 1205 1696 aut
1235 1658 1383 1707 eruite,
1417 1659 1451 1699 si
1482 1660 1668 1710 creditis,

132 1733 209 1767 aut
235 1728 366 1768 nolite
393 1729 574 1779 credere,
604 1731 677 1784 qui
703 1746 790 1772 non
817 1733 999 1774 eruistis.
1059 1734 1125 1775 De
1151 1742 1296 1777 uestra
1322 1738 1446 1779 uobis
1472 1739 1668 1781 dissimu—

130 1807 290 1848 latione
327 1809 632 1862 praescribitur
667 1826 750 1851 non
791 1826 880 1853 esse
917 1815 1034 1867 quod
1070 1830 1147 1856 nec
1184 1817 1265 1871 ipsi
1301 1818 1472 1860 audetis
1509 1835 1666 1862 eruere.

131 1887 275 1942 Longe
306 1889 422 1929 aliud
454 1905 610 1931 munus
642 1892 829 1933 carnifici
860 1894 904 1934 in
936 1895 1200 1938 Christianos
1230 1898 1466 1952 imperatis,
1500 1916 1587 1941 non
1618 1907 1668 1943 ut
1688 1924 1734 1946 20

130 1967 278 2009 dicant
307 1984 418 2022 quae
448 1969 626 2020 faciunt,
658 1972 733 2012 sed
763 1978 813 2014 ut
842 1980 1001 2029 negent
1030 1977 1147 2030 quod
1177 1983 1292 2019 sunt.
1353 1979 1513 2021 Census
1542 1981 1667 2023 istius

130 2047 390 2101 disciplinae,
432 2054 481 2090 ut
517 2050 604 2090 iam
643 2051 868 2103 edidimus,
909 2069 933 2095 a
973 2055 1140 2097 Tiberio
1180 2063 1257 2099 est.
1319 2059 1426 2100 Cum
1464 2061 1563 2102 odio
1601 2063 1664 2103 sui

128 2128 270 2180 coepit
292 2128 463 2169 ueritas.
525 2130 659 2171 Simul
683 2137 815 2185 atque
838 2136 1054 2188 apparuit,
1079 2137 1252 2179 inimica
1276 2145 1353 2180 est.
1415 2140 1498 2182 Tot
1521 2141 1665 2183 hostes

128 2206 216 2247 eius
247 2213 354 2261 quot
384 2211 589 2259 extranei,
618 2216 662 2251 et
691 2212 866 2265 quidem
898 2215 1067 2269 proprie
1097 2231 1149 2257 ex
1180 2219 1471 2261 aemulatione
1498 2221 1661 2272 Iudaei,

127 2300 177 2326 ex
209 2289 484 2329 concussione
513 2290 683 2340 milites,
716 2306 767 2332 ex
798 2299 954 2335 natura
984 2295 1065 2349 ipsi
1096 2297 1227 2338 etiam
1256 2299 1482 2342 domestici
1511 2304 1660 2344 nostri.
1684 2320 1726 2350 25

126 2366 291 2406 Cotidie
311 2367 568 2417 obsidemur,
592 2370 748 2411 cotidie
770 2373 1003 2425 prodimur,
1026 2376 1070 2416 in
1089 2377 1193 2430 ipsis
1212 2378 1446 2432 plurimum
1468 2382 1662 2424 coetibus

125 2450 168 2484 et
191 2446 593 2500 congregationibus
615 2451 772 2491 nostris
797 2453 1093 2506 opprimimur.
1156 2456 1259 2505 Quis
1282 2473 1492 2513 umquam
1516 2461 1662 2502 taliter

123 2525 313 2578 uagienti
364 2526 521 2568 infanti
574 2532 850 2583 superuenit?
915 2533 1017 2582 Quis
1071 2543 1261 2587 cruenta,
1317 2545 1368 2580 ut
1418 2540 1657 2591 inuenerat,

123 2604 357 2658 Cyclopum
403 2612 446 2647 et
491 2607 687 2650 Sirenum
732 2625 805 2651 ora
849 2612 979 2654 iudici
1025 2618 1290 2659 reseruauit?
1354 2619 1458 2668 Quis
1501 2621 1569 2661 uel
1613 2623 1657 2662 in

122 2683 328 2724 uxoribus
369 2685 512 2739 aliqua
554 2687 764 2730 inmunda
807 2692 989 2746 uestigia
1032 2694 1342 2748 deprehendit?
1406 2698 1510 2747 Qujs
1552 2701 1656 2756 talia
1677 2721 1723 2752 30

121 2761 311 2802 facinora
351 2777 448 2803 cum
487 2765 734 2817 inuenisset,
777 2770 935 2811 celauit
973 2778 1052 2813 aut
1090 2775 1289 2817 uendidit
1325 2777 1441 2830 ipsos
1480 2779 1656 2820 trahens
