1827 3004
200 88 277 127 184
764 86 1161 126 TERTVLLIANI
1414 88 1472 141 [p.
1497 90 1551 127 22
1573 87 1599 128 1.
1625 88 1734 127 26-

193 199 443 240 auctoritate
478 213 554 239 non
597 197 693 238 urbe
728 198 861 238 solum
892 197 1026 244 modo,
1057 212 1205 238 ‘uerum
1243 202 1328 238 tota
1361 196 1502 238 Italia
1539 197 1731 239 elimina·

196 274 356 309 uerunt.
417 267 505 308 sid.
527 282 592 322 ep.
618 270 637 306 1
665 269 701 306 2.
762 266 856 307 Liu.
879 278 1034 306 XXXIX
1060 268 1111 307 16
1135 270 1174 307 8.

282 352 318 391 p.
344 339 395 376 22
419 337 444 376 1.
468 336 519 377 27
545 347 805 376 SERAPIDEM
828 341 909 376 cet.
925 335 978 376 ad
996 341 1085 376 nab.
1103 346 1118 375 1
1138 338 1190 375 10
1209 334 1343 387 (cited
1360 342 1464 375 next
1487 336 1628 391 page).
1645 334 1732 377 Cic.

194 421 233 446 n.
255 406 295 446 d.
316 417 369 445 111
394 404 412 461 ξ
433 405 501 446 47.
562 404 723 445 Minue.
752 406 802 444 21
831 402 850 459 ᾖ
878 406 901 444 5
930 403 1094 458 despice
1118 404 1178 444 sis
1204 403 1341 444 Isidis
1367 404 1426 444 ad
1451 404 1732 451 hirundinem,

153 492 172 522 5
192 476 365 516 sistrum
387 481 423 516 et
445 475 668 529 adsparsis
688 473 885 515 membris
906 474 1078 515 inanem
1100 474 1163 514 tui
1188 473 1412 527 Serapidis
1436 473 1525 514 siue
1549 473 1733 515 Osiridis

192 544 412 584 tumulum.
433 541 452 598 ξ
475 544 496 584 7
521 543 610 584 Isis
625 543 845 598 perditum
856 543 1005 597 filium
1027 558 1121 584 cum
1140 542 1428 597 Cynocephalo
1444 557 1518 583 suo
1540 548 1576 583 et
1598 542 1733 583 caluis

190 613 473 654 sacerdotibus
495 613 617 666 luyet,
633 612 814 667 planyit,
836 612 1090 666 inquirit...
1149 610 1168 667 ξ
1190 615 1215 651 8
1237 612 1335 652 haec
1358 618 1496 652 tamen
1517 613 1732 666 Aeyyptia

191 681 411 736 quondam,
444 696 553 722 nunc
584 687 622 722 et
657 696 781 722 sacra
818 681 1017 722 Romana
1051 687 1159 722 sunt.
1221 680 1381 721 Preller
1416 684 1518 721 ro‘m.
1551 681 1732 736 Mythol.

194 750 272 791 727
290 765 375 805 seq.
397 751 451 803 (=
470 762 504 790 11
527 749 612 791 378
629 751 746 805 seq.).
808 750 1060 805 Marquard'c
1084 755 1152 790 1112
1175 750 1227 791 78
1250 765 1290 791 n.
1315 753 1335 790 1
1360 751 1444 791 and
1468 752 1503 792 6.
1557 750 1609 792 79
1632 765 1672 790 n.
1695 752 1732 792 9.

132 839 172 861 10
194 819 244 860 77
264 835 302 860 n.
327 822 363 861 6.
404 820 451 860 of.
481 835 521 860 n.
551 822 574 860 5
605 820 689 861 and
718 835 760 860 n.
788 821 826 859 4.
889 819 1041 860 Renan
1074 819 1134 861 les
1165 821 1337 874 epoti-es
1369 821 1451 860 342
1484 834 1525 860 n.
1558 822 1595 859 1.
1650 819 1731 860 Isis

191 888 458 944 worshipped
475 889 532 943 by
546 888 766 930 Caracalla
779 887 942 943 (Spart.
956 888 1050 928 who
1067 903 1162 943 says
1177 888 1274 929 that
1292 887 1553 930 Commodus
1569 887 1730 928 carried

189 972 245 997 an
267 957 455 1009 Anubis)
477 958 526 998 cf.
549 958 720 1013 Lampr.
742 958 810 998 Al.
834 957 934 998 Seu.
958 960 1010 999 26
1033 957 1051 1013 ξ
1074 961 1098 998 8
1122 957 1223 1011 (Isis
1245 958 1328 998 and
1353 957 1557 1012 Serapis).

279 1041 314 1081 p.
340 1029 393 1066 22
417 1028 441 1068 1.
465 1027 517 1068 27
542 1038 875 1068 OYNOCEPHALO
897 1042 1030 1082 scorp.
1055 1030 1075 1067 1
1096 1042 1133 1083 p.
1158 1029 1239 1068 146
1265 1030 1311 1068 11
1341 1027 1466 1068 Wiss.
1527 1025 1653 1082 Cypr.
1676 1027 1729 1066 ad

192 1095 458 1137 Demetri-an.
492 1099 544 1137 12
582 1097 782 1139 crocodili
817 1102 855 1138 et
887 1096 1157 1151 cynocephali
1188 1102 1225 1137 et
1257 1096 1420 1151 lapides
1455 1102 1493 1137 et
1524 1102 1730 1150 serpentes

131 1182 170 1213 15
192 1165 392 1214 coluntur,
419 1172 456 1207 et
477 1166 591 1207 Deus
619 1166 731 1207 solus
757 1167 804 1207 in
826 1167 951 1207 terris
979 1171 1053 1206 aut
1080 1181 1159 1206 non
1183 1165 1336 1206 colitur
1363 1172 1438 1206 sciit
1459 1180 1539 1206 non
1560 1165 1730 1220 impune

188 1235 354 1275 colitur.
415 1236 527 1291 Aug.
557 1234 604 1277 C.
631 1235 684 1276 D.
716 1247 750 1276 11
785 1238 851 1276 14.
884 1247 936 1275 111
970 1237 1034 1275 12.
1096 1235 1316 1290 [Ps.-Aug.
1349 1234 1526 1286 Quaest.
1558 1235 1655 1276 Ven.
1686 1244 1729 1276 et

189 1303 303 1344 Nou.
332 1304 446 1345 Test.
477 1307 559 1345 114
590 1304 609 1361 ἓ
640 1308 688 1346 11
715 1304 830 1358 A.S.]
892 1304 1074 1345 Drexler
1104 1305 1149 1345 in
1179 1305 1368 1346 Rosoher
1396 1305 1729 1346 ‘Hermanubis⁷

188 1374 265 1413 col.
288 1375 412 1414 2314.

277 1458 316 1498 p.
341 1445 393 1483 22
417 1444 441 1484 1.
465 1445 518 1484 28
541 1455 780 1484 CAPITOLIO
805 1443 1056 1498 Marquardt
1080 1448 1149 1483 111²
1171 1446 1221 1483 41
1248 1458 1288 1483 n.
1312 1442 1334 1483 7
1359 1443 1494 1483 called
1523 1443 1575 1483 de
1598 1450 1727 1498 spect.

128 1532 171 1554 20
192 1514 244 1551 12
277 1513 336 1567 (p.
370 1516 420 1554 15
457 1515 505 1552 11
542 1513 687 1565 VViss.)
718 1513 903 1553 omnium
935 1512 1187 1553 daemonum
1219 1511 1430 1566 templum.
1492 1512 1651 1553 Arnob.
1685 1525 1730 1553 11.

192 1580 245 1622 73
275 1581 407 1636 quid?
436 1597 511 1623 uos
538 1582 805 1637 Aeyyptiaoa
825 1582 1014 1629 numina,
1037 1580 1185 1636 quibus
1214 1580 1390 1635 Serapis
1412 1587 1535 1635 atque
1555 1582 1586 1622 I
1586 1583 1643 1622 sis
1671 1589 1729 1623 est

189 1665 346 1697 nomen,
379 1665 460 1691 ‘non
495 1656 586 1704 post
626 1650 825 1691 Pisonem
864 1655 901 1691 et
939 1649 1168 1691 Gabinium
1205 1649 1391 1690 consules
1426 1650 1471 1690 in
1507 1665 1727 1691 ‘numerum

189 1725 424 1760 ‘uestrorum
454 1719 676 1760 rettulistis
704 1719 907 1760 deorum?

276 1804 316 1844 p.
361 1791 413 1829 22
447 1790 470 1829 l.
505 1791 556 1830 29
590 1800 809 1830 GABIvas
842 1800 920 1828 Ro.
942 1791 1009 1829 58.
1070 1788 1124 1828 ad
1153 1794 1242 1828 nat.
1272 1799 1287 1828 1
1312 1790 1364 1829 10
1396 1803 1424 1844 p
1467 1790 1519 1830 76
1554 1792 1577 1829 5
1603 1790 1726 1831 Wiss.

128 1872 169 1903 25
189 1859 260 1899 sed
303 1865 438 1899 tamen
474 1865 509 1900 et
549 1858 756 1900 Gabinius
799 1858 939 1899 consul
979 1857 1193 1898 Kalendis
1236 1857 1473 1907 Ianuariis,
1517 1874 1609 1900 cum
1654 1860 1729 1900 wia·

189 1928 344 1969 hostias
371 1929 571 1982 probaret
602 1943 710 1982 prae
739 1927 1019 1982 popularium
1052 1933 1175 1975 coetu,
1212 1927 1311 1981 quia
1349 1927 1456 1968 nihil
1489 1928 1538 1969 de
1568 1928 1727 1984 Serape

188 2003 225 2038 et
257 1997 373 2038 Iside
409 1998 693 2045 constituisset,
725 1998 932 2052 potiorem.
968 1996 1113 2037 habuit
1142 2002 1310 2037 senatus
1344 2012 1563 2038 censuram
1599 2014 1725 2053 qicam

187 2066 389 2121 impetum
419 2067 551 2120 «zeulyi,
582 2072 618 2108 et
649 2081 751 2107 aras
781 2066 949 2106 institui
979 2065 1201 2120 prohibuit.

276 2150 312 2190 p.
338 2137 390 2175 22
414 2136 439 2176 1.
462 2138 514 2176 32
538 2136 591 2176 ad
619 2141 707 2177 nat.
736 2147 751 2175 Ι
777 2138 829 2176 10
858 2150 898 2190 p.
929 2134 982 2176 74
1013 2137 1065 2175 22
1098 2134 1222 2175 Wiss.
1249 2135 1299 2176 de
1326 2135 1487 2189 reliqua
1511 2150 1608 2176 suero
1635 2151 1726 2177 con-

127 2220 170 2251 30
190 2206 439 2246 versationis
464 2205 673 2246 humanae
699 2205 968 2259 dispositione
993 2204 1145 2258 palam
1177 2203 1370 2253 subiacet,
1393 2211 1549 2259 quanta
1578 2221 1603 2246 a
1636 2222 1725 2247 vma-

188 2273 347 2315 ioribus
368 2275 646 2324 mutaueritis,
669 2275 781 2316 cultu
803 2275 945 2315 habitu
973 2280 1190 2329 apparatu
1222 2274 1389 2329 ipsoque
1418 2275 1528 2315 uictu
1559 2275 1726 2330 ipsoque

188 2358 385 2385 sermone.

275 2428 314 2468 p.
337 2415 389 2453 22
412 2414 437 2454 1.
460 2416 513 2455 33
542 2425 796 2455 INSTRVCTV
819 2429 898 2454 one
921 2428 985 2454 ex.
1007 2413 1184 2454 marked
1214 2412 1287 2455 ἅπ.
1318 2413 1393 2468 εἰρ.
1421 2413 1464 2454 in
1498 2414 1566 2455 LS
1599 2416 1722 2465 (from

191 2481 298 2533 Cic.)
329 2482 411 2522 add
445 2486 495 2523 41
527 2498 587 2538 pr.
618 2483 671 2523 de
697 2498 761 2523 an.
795 2484 847 2523 19
871 2497 932 2537 pr.
995 2482 1123 2536 Apul.
1146 2487 1247 2522 meh.
1271 2493 1321 2522 XI
1346 2484 1410 2523 30.
1474 2482 1592 2523 Seru.
1616 2483 1726 2524 Aen.

128 2562 168 2593 35
192 2562 220 2589 v
252 2553 348 2591 402.
410 2552 561 2592 Paulin
605 2551 703 2592 Nol.
733 2566 799 2606 ep.
830 2553 854 2591 3
887 2553 925 2591 3.
986 2550 1173 2591 Dirksen
1199 2552 1409 2592 manuale.
1465 2551 1628 2607 Symm.
1660 2568 1725 2607 ep.

191 2623 214 2660 5
256 2622 320 2659 11.
358 2622 412 2661 20
452 2619 471 2676 ἓ
513 2623 549 2661 2.
610 2621 716 2661 Gen.
760 2623 811 2660 12
855 2620 906 2661 37
950 2635 1016 2675 ap.
1058 2620 1169 2676 Aug.
1211 2626 1374 2676 quaest.
1417 2621 1460 2662 in
1496 2622 1627 2662 Exod.
1668 2625 1718 2663 47

189 2688 246 2740 [=
262 2687 500 2737 ἀποσκευή.
560 2689 609 2730 A.
629 2688 702 2742 S.].

277 2771 318 2811 p.
342 2759 394 2796 24
417 2757 442 2797 1.
466 2760 486 2797 1
512 2768 846 2798 RENVNTIASTis
869 2759 923 2798 38
946 2772 985 2797 n.
