1827 3004
101 141 142 181 p.
167 129 219 169 58
242 127 268 168 1.
297 128 363 180 19]
606 127 1043 170 APOLOGETICVS
1079 130 1128 169 18
1556 129 1635 169 265

101 242 214 284 κατὰ
237 242 521 285 Δευκαλίωνα
543 242 858 295 κατακλυσμὸς
875 243 948 286 καὶ
967 244 992 296 ἡ
1011 243 1082 285 ἐπὶ
1105 242 1354 286 Φαέθοντος
1377 241 1636 297 ἐκπύρωσις.

99 311 163 354 Cf.
186 310 205 367 ξ
227 315 277 353 21
303 328 340 368 p.
364 315 474 355 486⁰.

188 396 224 436 p.
249 382 348 423 581.
375 384 425 423 13
457 393 694 423 PRODACTO
723 384 778 422 48
810 397 847 437 p.
881 397 934 423 m.
998 382 1173 423 Hieron.
1204 393 1271 421 vn
1296 381 1406 422 755⁰.
1469 380 1635 421 Pacian.

99 464 164 504 ep.
198 461 212 489 Ι
247 453 309 491 15.

187 518 253 559 De
271 518 413 559 Anim.
432 521 486 560 33
504 519 573 560 fin.
591 519 692 560 deas
707 520 849 574 itaque
864 519 1071 560 iudicabit
1083 519 1265 573 plenius,
1282 518 1382 573 (licia
1400 518 1636 567 esctremius,
1656 531 1675 562 5

98 601 177 641 per
196 588 441 629 sententicmn
466 594 682 629 aeternam
703 594 794 629 tam
815 587 1020 642 supplicii
1041 602 1167 641 quani
1189 587 1418 642 refhiyerii.

188 671 225 711 p.
259 659 313 698 58
346 658 368 697 l.
406 660 456 698 15
490 669 780 698 REFORMATIS
817 672 848 698 c.
887 659 942 697 48
975 672 1013 712 p.
1049 659 1130 698 136
1168 657 1191 697 l.
1231 659 1283 697 12
1306 657 1398 711 quis
1430 657 1477 697 in
1511 670 1638 710 qaam

100 724 274 765 bestiam
308 725 541 780 reformari
576 726 801 768 uideretur.
865 725 1067 766 Prudent.
1107 725 1256 766 Perisb.
1293 737 1343 766 VI
1380 727 1520 767 94—ss
1559 740 1637 766 non

100 800 170 842 est,
212 795 374 842 credite,
410 810 560 849 poena,
598 811 726 850 qaam
768 795 932 842 uidetis,
970 794 974 850 Ι
1019 810 1123 849 qaae
1158 800 1313 849 puncto
1354 795 1468 836 tenui
1508 795 1639 836 citata

100 863 279 904 transit:
307 862 311 918 Ι
340 878 409 904 nec
442 865 575 904 uitam
606 865 723 918 rapit
754 864 833 904 illa
864 864 936 905 sed
966 864 1182 918 resbrnzat.
1244 863 1376 905 Oftcn
1407 863 1452 904 in
1481 863 1608 918 Apul.
1660 878 1702 900 10

188 946 226 986 p.
265 934 318 972 58
356 933 379 973 1.
421 935 471 974 16
510 945 884 974 DISPVNCTIONEM
920 933 1030 974 infra
1066 948 1097 974 c.
1132 936 1195 974 19.
1229 934 1352 974 Fuld.
1384 949 1422 988 p.
1456 935 1510 974 62
1543 934 1565 974 l.
1600 936 1636 974 8.
1686 953 1691 958 ·

102 1001 167 1041 De
200 1001 358 1042 Anima
389 1004 443 1043 33
475 1018 512 1058 p.
546 1006 629 1044 358
663 1004 685 1044 l.
719 1006 743 1045 9
778 1003 901 1044 Wiss.

188 1085 226 1125 p.
251 1073 303 1111 58
327 1071 349 1111 l.
376 1071 427 1112 17
450 1083 635 1113 RISles
657 1087 688 1113 c.
714 1075 765 1114 19
789 1072 911 1113 Fuld.
935 1088 973 1127 p.
997 1074 1050 1114 62
1074 1073 1097 1113 l.
1123 1074 1174 1112 12
1198 1087 1228 1113 c.
1252 1071 1304 1112 47
1322 1072 1346 1112 f.
1369 1086 1407 1126 p.
1432 1073 1514 1112 134
1536 1071 1560 1112 l.
1586 1070 1636 1112 17

100 1140 241 1194 itaque
263 1146 299 1180 et
322 1140 511 1181 ridemur
532 1142 653 1182 deum
674 1141 969 1196 praedicantes
989 1141 1291 1183 inefficacem-uam.

190 1220 250 1249 DE
284 1220 469 1251 VESTRIS
503 1216 581 1251 cet.
644 1211 803 1252 Minue.
838 1213 891 1251 28
922 1210 941 1266 ξ
974 1213 994 1251 1
1034 1226 1161 1265 qaam
1193 1217 1332 1252 autent
1362 1211 1554 1264 iniquam
1586 1210 1640 1250 sit
1660 1221 1702 1252 15

101 1278 327 1331 incogynitis
367 1285 403 1320 et
443 1279 722 1333 ineoeplcratis
771 1280 975 1328 iudicare,
1017 1280 1126 1334 qaod
1165 1280 1330 1335 facitis,
1370 1279 1486 1320 nobis
1535 1278 1640 1332 ipsis

97 1347 407 1401 paenitentibus
435 1348 587 1389 credite
602 1364 615 1398 ,·
648 1354 684 1389 et
705 1363 778 1389 nos
799 1349 910 1389 enim
937 1349 1049 1390 idem
1069 1348 1242 1404 fuimus
1269 1355 1307 1390 et
1333 1348 1477 1389 eadem
1506 1347 1639 1388 ¹acbis-

102 1430 193 1456 cam
224 1417 433 1469 quondam
461 1417 598 1458 adhuc
627 1418 738 1458 caeci
766 1423 802 1458 et
829 1417 982 1459 hebetes
1009 1417 1292 1459 sentiebamus.
1354 1416 1452 1457 Sen.
1475 1416 1541 1456 De
1570 1415 1640 1455 Ira

102 1496 136 1525 ΙΙ
172 1487 223 1525 10
254 1483 273 1540 ξ
304 1488 328 1526 6
365 1501 446 1526 non
481 1487 688 1528 irascetur
722 1487 894 1540 sapiens
925 1487 1199 1541 peccantibus.
1236 1487 1396 1541 quare?
1431 1486 1532 1539 qnia
1564 1485 1641 1526 scit

101 1554 307 1595 neminem
338 1556 456 1596 nasci
486 1557 716 1610 sapientem
746 1556 817 1596 sed
840 1556 951 1610 fieri.
1016 1556 1137 1612 Kaye
1172 1558 1222 1596 11
1254 1571 1292 1596 n.
1323 1557 1347 1597 6
1380 1555 1486 1596 cites
1517 1555 1642 1595 other
1659 1569 1704 1591 20

102 1624 241 1678 proofs
274 1623 370 1664 that
402 1624 446 1664 T.
479 1639 563 1665 was
595 1640 698 1665 once
730 1641 754 1665 a
786 1625 984 1666 heathen.

191 1704 330 1733 FIVNT
360 1708 406 1733 as
438 1694 741 1735 catechumens
771 1694 1025 1747 (audientes)
1048 1694 1114 1734 Dc
1139 1693 1302 1734 Paenib.
1332 1695 1367 1734 6.
1430 1692 1492 1734 Cf.
1517 1692 1639 1747 Kaye

104 1763 187 1803 240
210 1777 267 1817 sq.
320 1763 385 1803 Dc
409 1763 585 1804 Tcstim.
609 1764 689 1804 An.
716 1766 736 1803 1
762 1779 799 1819 p.
820 1766 900 1804 135
925 1764 948 1804 l.
968 1766 1022 1804 28
1046 1763 1169 1804 Wiss.
1192 1778 1273 1804 non
1295 1778 1346 1812 es,
1368 1763 1476 1817 (laad
1496 1763 1639 1804 sciam,

106 1830 373 1881 Christiana;
408 1832 511 1886 fieri
542 1834 652 1873 enini
684 1848 765 1873 non
796 1833 917 1874 nasci
945 1833 1046 1873 solet
1080 1832 1334 1873 Christiana.
1411 1831 1495 1884 [Ps.
1528 1830 1639 1885 Aug.

104 1900 278 1951 Quacs‘fi.
298 1903 362 1941 81.
396 1901 445 1941 A.
462 1900 524 1955 S]
577 1901 695 1942 Hier.
713 1902 787 1956 Ep.
808 1904 862 1943 60
885 1905 938 1954 (=
955 1903 1000 1954 3)
1023 1904 1047 1941 8
1072 1901 1122 1942 ab
1144 1915 1187 1942 eo
1210 1907 1393 1956 tempore
1415 1915 1640 1948 censemar,
1660 1919 1703 1950 25

104 1985 153 2010 esc
174 1985 250 2023 qao
272 1970 315 2009 in
341 1970 504 2010 Christo
527 1971 799 2011 renascimur.
864 1970 944 2011 107
969 1971 1024 2023 (=
1042 1970 1086 2022 7)
1111 1973 1131 2010 1
1159 1970 1273 2023 flant
1300 1984 1378 2010 71071
1410 1974 1642 2010 nascantur

105 2038 348 2079 Christiani.
412 2038 521 2093 Aug.
545 2038 610 2079 De
634 2038 846 2079 Peccator.
866 2039 1034 2080 Meritis
1058 2051 1111 2079 ΙΙΙ
1135 2042 1158 2080 9
1181 2038 1268 2094 §17
1293 2039 1331 2079 if
1346 2054 1428 2094 you
1452 2053 1526 2093 say
1543 2038 1640 2079 that

103 2107 150 2146 of
176 2121 274 2146 mcn
306 2106 499 2146 cleansed
533 2108 638 2147 from
669 2106 733 2147 sin
764 2107 915 2148 sinless
944 2107 1136 2148 children
1166 2107 1317 2147 should
1347 2107 1398 2147 bc
1428 2107 1641 2155 b01·n,cnr

103 2190 184 2214 nan
207 2174 434 2216 adtendz'tis
454 2190 496 2216 eo
522 2175 638 2215 modo
665 2176 776 2216 abbis
793 2192 913 2230 posse
934 2176 1031 2222 dici,
1055 2176 1103 2217 de
1123 2176 1378 2217 Christianis
1397 2175 1641 2229 parentibus

106 2243 367 2284 Christianos
394 2244 514 2285 nasci
535 2244 654 2299 filios
682 2245 896 2286 debuisse?
957 2260 1031 2286 car
1051 2260 1147 2299 erfsc
1170 2260 1234 2286 eos
1258 2244 1519 2285 Christiams
1539 2245 1642 2299 fieri
1659 2264 1704 2294 30

103 2312 245 2354 debere
276 2314 474 2354 censetis?

191 2397 228 2436 p.
253 2384 306 2422 58
329 2382 352 2422 1.
378 2385 429 2422 18
452 2394 824 2423 PRAEDICATORES
847 2382 958 2423 Adu.
987 2383 1155 2423 Valent.
1187 2385 1210 2423 5
1241 2383 1311 2424 fin.
1374 2383 1484 2423 Adu.
1510 2383 1637 2423 Marc.

105 2462 135 2489 V
167 2453 217 2491 15
251 2466 278 2505 p
321 2450 402 2492 627
436 2452 459 2491 l.
499 2454 550 2491 12
587 2452 660 2492 Kr.
718 2452 844 2507 Cypr.
876 2467 914 2506 p.
961 2452 1040 2493 791
1077 2454 1140 2492 23.
1204 2452 1329 2508 Vulg.
1372 2452 1491 2507 Sulp.
1539 2453 1638 2493 Seu.

104 2518 207 2571 [and
241 2519 285 2559 in
322 2534 347 2559 a
380 2519 475 2559 host]
511 2520 557 2559 of
585 2519 709 2559 other
740 2520 928 2560 authors.
991 2520 1012 2560 Ι
1050 2520 1157 2560 have
1196 2522 1220 2561 6
1258 2535 1349 2561 cxx.
1386 2521 1491 2561 from
1527 2521 1637 2575 Aug.

105 2588 168 2629 Cf.
202 2587 374 2642 Sanday
407 2587 459 2628 N.
483 2587 527 2628 T.
552 2588 592 2629 S.
616 2588 795 2629 Irenaei.
858 2589 907 2628 A.
927 2588 988 2641 S.]
1008 2588 1010 2591 ’
1659 2607 1703 2638 35

192 2672 228 2712 p.
254 2660 306 2697 58
330 2657 353 2697 l.
379 2659 430 2697 19
454 2668 715 2698 PRAEFANDI
739 2673 770 2698 c.
795 2660 848 2697 14
870 2673 907 2713 p.
931 2660 985 2699 48
1009 2659 1032 2699 l.
1059 2660 1123 2699 29.

192 2737 414 2767 VIRTVTES
446 2727 598 2767 Iustin.
623 2727 732 2767 Dial.
755 2742 786 2767 c.
811 2728 966 2782 Tryph.
990 2742 1027 2782 p.
1054 2730 1134 2768 225
1160 2727 1231 2769 διὰ
1254 2727 1329 2772 wie
1353 2727 1564 2779 δυνάμεις,
1589 2727 1640 2774 ἃς

104 2795 351 2845 ἐπετέλουν,
385 2795 677 2838 πιστεύεσθαι
721 2795 879 2838 δίκαιοι
918 2795 1312 2846 ⁷3‹rav,=miraclcs.
1377 2797 1489 2837 Tert.
1528 2797 1638 2838 Adu.
