1827 3004
101 74 176 112 118
664 70 1060 110 TERTVLLIANI

94 185 177 224 illic
210 185 409 225 arbsmim
445 199 585 237 poma¹7
621 189 833 223 conantur
865 184 996 223 oculis
1029 189 1167 233 tenus,
1203 190 1392 224 ceterum
1426 191 1627 225 contacta

94 265 372 305 cinerescunt.
434 264 517 304 Sed
556 278 631 304 1100
671 263 823 303 Tuscia
861 264 947 303 iam
986 268 1090 303 tunc
1129 269 1262 317 atque
1300 264 1536 318 Campania
1576 265 1627 304 de

96 344 346 384 Christianis
375 344 678 397 querebantur,
710 358 807 383 cum
836 343 1051 384 Vulsinios
1079 344 1132 384 de
1160 345 1289 392 caclo,
1321 345 1547 398 Pompeios
1576 345 1628 384 de

93 438 169 464 suo
202 430 347 464 monte
378 424 567 477 perfudit
598 423 719 477 ignis.
780 423 918 463 Nemo
949 424 1090 464 adhuc
1121 425 1287 464 Romae
1317 425 1446 464 deum
1477 439 1627 465 uerum

93 505 305 544 adorabat
344 519 441 544 cum
481 504 701 544 Hannibal
741 504 857 557 apud
897 504 1065 544 Cannas
1105 520 1178 559 per
1217 506 1438 545 ‘Romanos
1477 505 1666 551 anulos5

93 583 243 623 caedes
269 598 368 623 suas
396 583 539 623 modio
569 583 841 623 metiebatur.
904 583 1062 624 Omnes
1090 584 1157 624 dei
1185 585 1316 625 uestri
1345 585 1398 625 ab
1428 584 1627 624 omnibus

93 663 355 712 colebantur,
384 677 481 703 cum
507 663 648 716 ipsum
675 663 935 716 Capitolium
962 663 1149 704 Senones
1175 670 1507 718 occupauerant.
1570 665 1626 705 Et

92 744 198 783 bene
240 744 368 797 quod,
411 744 445 784 si
486 744 589 797 quid
630 744 798 784 aduersi
839 744 1018 785 urbibus
1057 746 1227 794 accidit,
1271 746 1445 786 eaedem
1486 746 1627 786 clades

93 824 351 878 templorum
375 839 485 878 quae
507 830 549 864 et
571 824 788 864 moenium
811 824 998 873 fuerunt,
1022 831 1071 865 ut
1092 826 1178 866 iam
1200 826 1279 865 1100
1301 826 1518 866 reuincam
1542 841 1626 865 non

91 903 145 942 ab
169 904 226 943 eis
249 903 429 949 euenire,
455 903 554 956 quia
578 908 620 943 et
641 903 743 956 ipsis
766 904 922 943 euenit.
984 904 1159 958 Semper
1181 905 1370 944 humana
1391 919 1494 959 gens
1516 905 1626 944 male

90 983 142 1023 (10
173 983 250 1022 (100
283 983 450 1023 meruit.
512 983 655 1023 Primo
687 983 861 1036 quidem
892 989 941 1023 ut
970 984 1204 1025 inofficiosa
1235 985 1335 1033 eius,
1369 999 1496 1038 quem
1528 999 1625 1025 cum

88 1063 353 1117 intellegeret
385 1077 435 1102 ex
468 1068 603 1116 parte,
637 1078 723 1103 non
755 1064 992 1117 requisiuit,
1026 1064 1099 1104 sed
1133 1070 1175 1104 et
1206 1065 1310 1104 alios
1341 1065 1515 1118 insuper
1545 1065 1625 1105 sibi

89 1148 383 1183 commentata
413 1158 520 1196 quos
550 1143 728 1191 coleretg
775 1143 929 1183 dehinc
959 1143 1074 1197 quod
1104 1158 1190 1183 non
1220 1145 1475 1197 inquirendo
1505 1145 1623 1184 inno-

88 1223 253 1262 centiae
279 1223 532 1277 magistrum
559 1229 602 1263 et
626 1224 851 1263 nocentiae
874 1223 1059 1263 iudicem
1087 1229 1129 1264 et
1154 1230 1399 1264 exactorem
1425 1225 1624 1264 omnibus

91 1303 205 1343 uitiis
245 1309 287 1343 et
326 1303 575 1343 criminibus
612 1303 805 1343 inoleuit.
867 1304 1065 1344 Ceterum
1105 1304 1138 1344 si
1178 1305 1436 1358 requisisset,
1478 1320 1623 1359 seque-

88 1385 229 1430 batur„
262 1390 312 1425 ut
342 1390 616 1439 cognosceret
645 1385 900 1438 requisitum
932 1390 975 1425 et
1004 1386 1271 1439 recognitum
1303 1387 1551 1427 obseruaret
1583 1393 1624 1427 et

87 1464 366 1504 obseruatum
383 1464 619 1517 propitium
638 1464 773 1517 magis
790 1464 1055 1517 experiretur
1071 1479 1202 1518 quam
1219 1465 1391 1505 iratum.
1426 1466 1624 1506 Eundem

86 1543 217 1595 igitur
244 1558 359 1583 nunc
388 1557 560 1596 quoque
589 1543 693 1583 scire
722 1543 853 1584 debet
880 1544 1040 1584 iratum
1070 1559 1198 1598 quem
1229 1551 1271 1585 et
1300 1551 1413 1585 retro
1443 1560 1621 1599 semper.

86 1625 337 1678 priusquam
357 1624 587 1664 Christiani
606 1624 946 1665 nominarentur.
1008 1625 1137 1665 Cuius
1155 1625 1278 1665 bonis
1298 1626 1505 1666 utebatur
1523 1632 1624 1666 ante

87 1703 213 1744 editis
229 1719 359 1757 quam
376 1704 456 1744 sibi
472 1703 575 1743 (1003
589 1703 781 1757 fingeret,
800 1718 874 1743 cur
888 1718 975 1744 non
991 1704 1044 1744 ab
1062 1718 1110 1744 eo
1127 1705 1257 1745 etiam
1274 1705 1386 1745 mala
1402 1706 1625 1760 intellegat

87 1790 255 1829 euenire
291 1790 410 1829 0111113
445 1789 560 1829 bona
596 1804 684 1829 esse
720 1804 806 1829 non
842 1790 1001 1830 sensit?
1065 1790 1184 1830 Illius
1220 1805 1289 1830 rea
1326 1797 1390 1831 est
1426 1791 1546 1831 cuius
1582 1797 1625 1831 et

86 1875 267 1929 ingrata.
330 1875 388 1915 Et
426 1880 573 1915 tamen
613 1875 646 1915 31
687 1875 890 1928 pristinas
930 1875 1071 1916 clades
1111 1890 1421 1929 comparemus,
1463 1876 1624 1916 leuiora

86 1974 199 1999 1111110
235 1960 450 2009 accidunt,
488 1974 539 1999 ex
575 1974 659 2014 (1110
695 1960 959 2000 Christianos
994 1975 1018 2000 a
1053 1960 1132 2000 deo
1168 1960 1281 2020 orbis
1316 1961 1494 2015 accepit.
1557 1961 1623 2001 Ex

87 2060 135 2085 eo
164 2046 276 2084 enim
306 2051 348 2085 et
375 2045 622 2085 innocentia
651 2045 807 2085 saeculi
835 2045 1088 2098 iniquitates
1116 2046 1378 2099 temperauit
1406 2051 1449 2086 et
1476 2046 1622 2099 depre-

87 2139 253 2170 catores
278 2130 345 2170 dei
372 2144 461 2170 esse
486 2135 733 2184 coeperunt.
794 2127 991 2183 Denique
1017 2144 1114 2170 cum
1141 2131 1195 2171 ab
1222 2131 1432 2171 imbribus
1457 2131 1620 2171 aestiua

86 2215 263 2255 hiberna
292 2216 564 2270 suspendunt
594 2222 637 2256 et
667 2230 806 2256 annus
836 2217 879 2256 in
911 2230 1011 2256 cura
1043 2222 1119 2265 est,
1153 2232 1230 2257 uos
1261 2217 1435 2270 quidem
1467 2216 1623 2257 cotidie

86 2300 197 2353 pasti
230 2301 467 2354 statimque
500 2301 708 2354 pransuri,
743 2301 906 2341 balneis
939 2306 982 2341 et
1014 2302 1235 2355 cauponiis
1268 2307 1311 2342 et
1342 2301 1622 2355 lupanaribus

86 2385 376 2437 operantibus,
431 2386 630 2439 aquilicia
684 2387 778 2426 Ioui
830 2386 1077 2435 immolatis,
1132 2386 1409 2440 nudipedalia
1461 2386 1621 2440 populo

86 2470 364 2519 denuntiatis,
415 2471 579 2511 caelum
629 2471 745 2525 apud
795 2472 1055 2525 Capitolium
1105 2472 1322 2525 quaeritis,
1373 2471 1520 2511 nubila
1569 2471 1621 2510 de

89 2555 363 2607 laquearibus
399 2557 672 2609 exspectatis,
711 2557 849 2596 auersi
887 2556 941 2597 ab
978 2557 1070 2610 ipso
1108 2562 1151 2597 et
1187 2557 1266 2596 deo
1303 2562 1347 2596 et
1382 2556 1618 2596 cae102nos

85 2654 185 2679 uero
212 2640 378 2681 ieiuniis
404 2641 511 2681 aridi
539 2646 581 2681 et
608 2642 724 2681 omni
752 2642 1019 2682 continentia
1047 2642 1247 2696 expressi,
1277 2642 1331 2682 ab
1359 2641 1474 2681 omni
1502 2641 1620 2680 uitae

85 2724 205 2779 fruge
233 2726 367 2774 dilati,
398 2726 441 2765 in
469 2740 591 2767 sacco
621 2732 664 2767 et
692 2727 830 2767 cinere
858 2727 1107 2768 uolutantes
1134 2727 1297 2767 inuidia
1328 2726 1493 2766 caelum
1522 2730 1618 2766 tun—

1647 923 1689 945 10

1646 1324 1686 1355 15

1644 1727 1687 1749 20

1643 2149 1684 2180 25

1640 2571 1684 2602 30
