1827 3004
140 90 181 131 p.
210 76 338 118 1241.
363 77 404 129 5]
596 76 1034 118 APOLOGETICVS
1066 80 1134 127 42,
1169 79 1223 118 43
1591 77 1675 116 423

226 205 261 245 p.
289 192 368 231 122
393 191 415 231 1.
440 193 490 231 31
521 203 783 232 TEMPLATIM
817 190 888 232 ῐίπ.
912 190 987 246 εἰρ.
1049 192 1096 232 cf.
1120 206 1151 233 c.
1177 194 1228 231 15
1257 190 1492 232 Christiani
1519 189 1674 244 templa

140 274 208 300 nec
230 260 415 301 interdiu
450 267 612 302 norunt.

224 339 497 369 VECTIGALIA
544 329 698 370 Iustin.
744 329 865 384 Apol.
904 340 932 370 Ι.
973 328 1023 369 17
1069 327 1227 384 φόρους
1270 327 1313 370 δὲ
1355 329 1427 368 καὶ
1466 325 1672 380 εἰσφορὰς

136 399 224 442 τοῖς
262 398 332 450 ὑφ’
367 399 484 450 ὑμῶν
517 397 794 451 τεταγμένοις
826 400 1061 453 πανταχοῦ
1092 396 1177 450 πρὸ
1210 396 1388 438 πάντων
1417 395 1670 451 πειρώμεθα

137 465 296 522 φέρειν,
329 468 384 512 ὡς
417 467 707 524 ἐδιδάχθημεν
739 466 842 520 παρ’
875 467 1009 508 αὐτοῦ
1041 467 1198 522 (citing
1232 468 1353 508 Luke
1381 469 1434 508 20
1463 469 1527 507 22.
1556 468 1640 518 25).
1691 478 1711 508 5

220 551 257 591 p.
292 539 373 576 122
407 537 430 577 l.
463 539 517 577 32
549 548 719 577 ALIENO
751 537 804 577 ad
836 542 922 578 nat..
956 548 970 576 Ι
1004 539 1028 576 4
1061 536 1131 577 fin.
1165 537 1470 583 abstinentiam,
1503 551 1587 591 qua
1618 535 1669 576 ab

132 604 269 645 alieno
302 611 591 659 temperamus.
652 605 707 646 ib.
741 608 763 645 5
798 620 837 660 p.
871 606 923 646 65
957 605 981 646 l.
1015 606 1068 644 24
1102 604 1224 646 Wiss.
1265 620 1339 646 cur
1369 605 1452 653 ille,
1483 605 1669 659 inquitis,

120 672 370 727 fraudator,
402 673 440 714 si
470 673 718 715 abstinentes
750 673 1016 715 Christiani?

216 757 254 797 p.
287 744 369 782 124
401 743 424 783 l.
458 745 478 782 1
514 753 859 783 PROFESSIONVM
896 742 1007 782 Adu.
1030 742 1158 784 Marc.
1182 753 1212 781 v
1237 745 1256 782 1
1282 757 1319 797 p.
1345 744 1426 784 569
1450 743 1473 783 l.
1498 744 1549 782 12
1574 742 1649 785 Kr.

215 826 253 867 p.
279 814 361 852 124
390 812 413 853 l.
439 814 462 852 2
493 824 578 853 PRO
610 813 781 853 Ashton
803 814 886 867 (ap.
911 811 1109 864 Woodh.)
1132 812 1260 853 omits
1289 827 1335 852 or
1362 812 1547 867 changes
1576 811 1668 853 into
1690 829 1732 851 10

128 896 222 923 cum
253 885 319 935 (as
350 898 381 924 c.
412 884 496 934 43).
570 883 639 923 Ad
672 883 796 924 Mart).
827 884 854 922 4
885 898 939 923 m.
977 897 1071 924 cum
1100 897 1142 923 se
1172 897 1437 936 unum...pro
1469 881 1663 922 multis...

127 952 391 1005 compensari
422 951 631 993 noluisset.

751 1070 857 1112 CAP.
890 1071 1045 1111 XLIII

211 1171 250 1211 p.
269 1158 352 1196 124
374 1157 397 1197 l.
416 1158 441 1197 3
464 1163 542 1198 cet.
565 1157 723 1198 Arnob.
748 1169 763 1197 Ι
794 1159 848 1197 24
870 1164 1012 1198 uestra
1032 1163 1128 1198 sunt
1148 1157 1258 1205 haec,
1284 1163 1421 1198 uestra
1443 1163 1539 1198 sunt
1559 1158 1664 1200 irre-

125 1225 271 1280 liyiose
307 1225 482 1280 opinata
518 1233 555 1267 et
591 1227 872 1281 irreliqiosz'us
909 1227 1080 1268 credita.
1133 1227 1233 1282 quin
1268 1227 1407 1275 immo,
1444 1233 1488 1268 m
1524 1228 1665 1269 uerius

116 1295 365 1349 proloquar,
401 1296 646 1350 haruspices
686 1296 762 1337 lias
791 1295 985 1350 fabulas,
1026 1297 1271 1338 coniectores
1307 1296 1437 1337 arioli
1472 1302 1588 1337 uates
1628 1302 1664 1338 et
1685 1310 1730 1341 15

122 1379 350 1418 numquam
390 1380 471 1406 non
512 1366 614 1406 uani
649 1365 947 1406 concinnauere
978 1365 1181 1420 fanatici,
1218 1366 1290 1420 qui
1325 1379 1375 1406 ne
1409 1379 1511 1406 suae
1552 1371 1664 1407 artes

120 1433 327 1474 intereant
348 1448 398 1474 ac
426 1447 476 1474 ne
503 1434 630 1488 stipes
658 1434 831 1488 eoeiyuus
859 1434 1160 1475 consultoribus
1185 1434 1395 1475 eoecutiant
1419 1434 1509 1474 iam
1536 1434 1666 1485 raris,

119 1502 157 1542 si
197 1502 363 1557 quando
399 1502 426 1556 †
462 1518 531 1544 uos
571 1503 678 1544 uelle
719 1518 808 1544 rem
853 1504 992 1545 uenire
1028 1505 1073 1544 in
1108 1503 1323 1544 inuidiam
1365 1510 1665 1558 compererunt.

119 1571 418 1625 ‘neyleyuntar
448 1572 516 1614 di'
545 1573 778 1622 clamitant,
806 1578 952 1628 ‘atque
983 1573 1152 1627 templis
1184 1573 1274 1613 iam
1304 1573 1466 1613 raritas
1496 1587 1660 1613 summa

117 1645 184 1680 est.
245 1640 381 1681 iacent
411 1641 612 1695 antiquae
639 1641 801 1682 derisui
825 1642 1107 1682 caerimoniae
1136 1647 1172 1682 et
1202 1656 1421 1682 sacrorum
1449 1641 1658 1695 quondam
1680 1657 1728 1679 20

121 1710 335 1750 ueterrimi
355 1710 465 1751 ritus
487 1711 741 1764 reliyionum
768 1725 977 1751 nouarum
1006 1710 1369 1765 superstitionibus
1396 1710 1632 1752 occiderunt
1645 1727 1659 1761 ;

116 1784 153 1819 et
177 1779 321 1820 merito
342 1779 575 1819 hamanum
593 1794 723 1833 {senus
745 1785 801 1820 tot
824 1780 1095 1821 miseriarum
1117 1779 1325 1833 anqustiis
1340 1778 1575 1833 premitur?

203 1858 243 1887 SI
266 1858 410 1888 FORTE
439 1862 470 1888 c.
492 1849 543 1889 16
566 1862 605 1902 p.
625 1849 678 1888 54
701 1848 724 1888 l.
744 1850 769 1888 8
791 1863 831 1888 n.
850 1850 903 1889 38
923 1849 946 1889 f.
970 1863 1008 1903 p.
1028 1850 1110 1889 110
1134 1848 1156 1889 l.
1177 1850 1230 1889 20
1252 1863 1288 1888 n.
1309 1850 1360 1888 41
1385 1863 1422 1902 p.
1445 1850 1526 1888 120
1549 1848 1572 1888 l.
1593 1850 1655 1890 19.

114 1916 168 1957 ad
200 1922 285 1958 nab.
322 1928 337 1957 Ι
369 1918 495 1970 12(.7)
519 1919 571 1958 15
604 1932 643 1972 p.
668 1919 720 1957 85
754 1918 776 1958 1.
810 1919 862 1957 23
887 1918 1010 1957 Wiss.
1072 1917 1138 1957 De
1171 1917 1272 1957 Pall.
1307 1919 1330 1957 2
1362 1932 1400 1972 p.
1426 1932 1477 1958 m.
1501 1932 1536 1972 p.
1564 1918 1655 1959 127.

114 1985 184 2025 Ad
207 1985 332 2026 Mart..
358 1988 378 2026 1
400 1986 424 2026 f.
487 1985 552 2026 De
576 1984 669 2027 Cor.
694 1985 822 2026 Mihi.
847 1989 882 2026 5.
1676 2005 1720 2036 25

201 2069 237 2109 p.
274 2056 356 2094 124
388 2055 412 2094 l.
442 2056 469 2094 4
501 2065 708 2094 LENONES
741 2069 772 2095 o.
797 2056 862 2095 50.

200 2134 522 2164 PERDVCTORES
555 2121 640 2164 Cic.
671 2122 716 2162 in
748 2123 924 2163 Verr.11
957 2123 1013 2176 (1)
1046 2121 1140 2178 §33
1174 2119 1377 2171 lenonum,
1408 2123 1656 2173 aleatorum,

106 2192 420 2246 perductorum.
490 2192 553 2232 Ps.
591 2192 744 2232 Ascon.
781 2192 835 2232 ad
873 2192 896 2232 l.
936 2192 1098 2233 lenones
1137 2198 1234 2233 sunt
1273 2198 1514 2241 scortorum,
1555 2207 1654 2247 per-

111 2262 300 2303 ductores
347 2264 475 2303 etiam
522 2263 761 2303 inuitarum
802 2277 1098 2317 personcwzcm,
1142 2268 1178 2304 et
1224 2262 1271 2303 in
1318 2262 1465 2317 quibus
1504 2268 1653 2317 stupra

110 2331 291 2372 eoeercita
329 2330 485 2385 lessibus
520 2331 807 2372 uinclicantmn
870 2331 960 2371 The
994 2331 1097 2371 verb
1131 2331 1166 2371 is
1201 2331 1304 2371 used
1340 2331 1397 2386 by
1429 2330 1514 2373 Cic.
1549 2331 1650 2372 Hor.
1671 2348 1718 2378 30

111 2398 191 2440 On.
229 2399 350 2440 Suet.
412 2399 651 2440 Woodham
688 2399 795 2440 cites
831 2399 929 2440 Ern.
964 2399 1017 2439 ad
1055 2399 1149 2440 Tac.
1184 2399 1298 2440 Hist.
1333 2411 1348 2440 Ι
1385 2402 1448 2440 25.
1512 2399 1648 2442 Plaut.

109 2468 228 2510 Asin.
261 2480 276 2509 Ι
309 2471 334 2509 3
368 2471 431 2509 12.
1567 2507 1569 2510 .

197 2551 234 2591 p.
279 2537 362 2576 124
406 2536 426 2576 l.
471 2538 494 2576 5
549 2547 798 2584 AQVARIOLI
839 2551 950 2590 puer
997 2537 1156 2578 lenonis
1197 2537 1256 2579 sic
1298 2537 1457 2578 <licitur
1497 2538 1647 2580 Loewe

110 2604 322 2644 Prodrom.
356 2606 450 2645 419.
514 2603 576 2646 Cf.
610 2604 738 2659 Apul.
770 2605 892 2660 Apol.
929 2605 992 2647 78.

194 2684 362 2713 SICARH
400 2688 431 2714 c.
467 2672 519 2714 37
563 2674 679 2728 apud
719 2674 846 2714 istam
887 2674 1161 2729 disciplinam
1203 2676 1340 2730 mayis
1377 2676 1509 2718 occidi
1542 2677 1644 2725 licet,
1666 2690 1710 2721 35

107 2756 235 2796 qziam
267 2742 460 2784 occidere.
