1827 3004
160 53 242 91 366
725 51 1124 92 TERTVLLIANI
1375 54 1432 108 [p.
1462 53 1588 95 1041.
1616 57 1696 94 8—

159 170 310 218 augyeat
352 164 428 204 tibi
468 164 667 218 Iuppiter
709 179 840 205 annos
880 165 1106 220 (probably
1149 166 1254 206 from
1293 165 1372 207 Ou.
1412 167 1526 207 Fast.
1563 179 1576 206 Ι
1610 169 1692 208 613

157 238 310 286 czuyeat
340 233 564 286 imperium
601 233 733 273 nostri
763 233 891 281 (lucis,
922 240 1075 287 auyeat
1117 237 1276 285 (mltos),
1310 235 1513 289 repeated
1555 235 1610 289 by
1646 236 1690 275 fr.

157 302 258 342 Aru.
288 313 326 342 A.
343 313 382 342 D.
403 303 485 341 218
508 302 567 356 (p.
590 312 713 342 CCVII
737 317 774 342 11.
798 304 851 343 36
875 303 923 343 cf.
951 318 988 357 p.
1015 306 1096 344 108
1120 303 1276 355 chz.)
1299 306 1334 345 9.
1395 305 1541 345 Herm.
1567 305 1694 346 Peter

156 370 224 410 die
248 370 423 424 Script‘o.
450 369 562 410 Hist.
582 370 692 424 Aug.
718 370 857 425 Lcipz.
879 373 988 412 1892
1007 386 1044 426 p.
1063 374 1155 412 221.
1219 372 1394 413 Brisson
1416 373 1481 414 Dc
1506 374 1690 414 Formul.

117 454 136 484 5
156 455 192 494 p.
219 440 299 481 719
323 439 385 480 cd.
409 439 601 480 Francos.
628 441 749 481 1592,
814 440 974 480 Fcrrar.
999 440 1064 481 Dc
1087 441 1319 483 Acclamat.
1346 454 1377 482 ΙΙ
1403 445 1454 483 19
1477 457 1534 497 sq.

242 523 279 562 p.
306 510 387 549 104
417 508 440 548 1.
467 510 519 548 10
552 519 610 548 VT
641 508 820 563 though,
849 524 894 549 as
926 524 956 549 c.
983 510 1035 548 24
1067 524 1126 564 pr.
1163 516 1204 551 ut
1235 516 1438 551 constaret
1470 512 1566 552 illos
1597 511 1692 552 deos

154 594 247 626 esse,
281 593 411 619 nonne
443 578 691 619 conceditis?

241 663 278 702 p.
319 650 399 688 104
442 647 465 688 l.
511 650 559 687 11
607 658 1011 688 DEPOSTVLATORES
1054 647 1263 703 Scorpi-ac.
1309 652 1333 690 8
1376 664 1412 704 p.
1455 652 1532 690 161
1578 650 1600 690 l.
1637 652 1689 690 :28

158 716 278 756 Wiss.
324 716 551 756 Danielum
597 716 754 755 nullius
799 722 973 769 praeter
1013 717 1081 757 dei
1122 717 1349 771 supplicem
1394 723 1431 758 et
1466 718 1623 759 idcirco
1664 734 1688 759 a

93 796 135 818 10
156 784 381 826 Chaldaeis
412 785 598 825 delatum
631 798 680 824 ac
711 784 1031 838 depostulatum.
1094 785 1147 825 ib.
1180 784 1201 825 7
1226 785 1295 826 fin.
1320 785 1393 826 ἱὶπ.
1418 786 1491 839 εἰρ.
1515 787 1689 835 (Lcwis-

154 853 285 894 Short
328 853 477 908 falscly
514 853 584 893 ‘cf.
629 853 682 893 ib.
727 855 781 893 50
804 853 870 905 ff).
934 853 1002 894 On
1037 854 1111 894 the
1143 854 1367 895 ficrccncss
1399 856 1445 895 of
1481 855 1556 896 the
1591 856 1689 896 mob

153 938 182 963 c.
218 925 272 963 50
304 938 341 978 p.
366 938 418 963 111.
461 922 532 963 sed
563 923 634 963 hoc
667 923 788 975 ayite,
819 923 913 963 boni
938 924 1169 977 praesides,
1199 924 1384 965 meliores
1418 925 1542 965 multo
1574 926 1689 979 apud

146 993 368 1047 populum,
390 993 428 1033 si
448 992 540 1033 illis
564 992 825 1033 Christianos
846 993 1179 1033 immolaaeritis.

236 1078 274 1117 p.
306 1064 387 1103 104
417 1062 440 1102 1.
474 1064 525 1102 12
555 1073 736 1102 VULGVS
766 1062 859 1102 infr.
883 1077 914 1102 c.
939 1063 991 1103 37
1023 1077 1081 1117 pr.
1106 1064 1159 1103 49
1183 1063 1252 1104 fin.
1270 1063 1451 1117 proinde
1478 1069 1513 1104 et
1539 1064 1688 1117 uulyus

90 1144 130 1175 15
151 1146 259 1171 uane
292 1131 342 1172 de
374 1136 517 1171 nostra
549 1131 766 1171 'ueoeatione
799 1130 966 1185 gaudet.
1029 1131 1094 1171 Dc
1128 1131 1252 1173 Carn.
1287 1132 1433 1172 Resur.
1471 1135 1523 1171 22
1561 1147 1598 1187 p.
1633 1135 1685 1173 56

151 1201 173 1241 1.
198 1202 221 1241 9
247 1200 320 1240 ΚΓ.
347 1200 440 1254 qais
460 1199 653 1241 inimicos
676 1199 836 1240 Christi
856 1201 945 1240 iam
970 1200 1141 1241 subiecit
1156 1200 1334 1255 pedibus
1355 1201 1442 1241 eius
1463 1201 1613 1242 secund
1620 1217 1684 1241 um

151 1269 308 1318 Dauid,
332 1269 454 1323 quasi
478 1269 653 1310 uelocior
674 1275 807 1323 patre,
829 1269 943 1310 omni
965 1270 1101 1310 (adhuc
1118 1270 1395 1324 popularium
1418 1276 1528 1311 coetu
1554 1271 1684 1312 recla-

149 1345 311 1380 mante:
355 1338 642 1379 ‘Christianos
676 1339 732 1380 ad
768 1339 977 1380 leonem'?
1039 1339 1104 1379 Dc
1142 1339 1334 1394 Specta-ac,
1375 1339 1425 1379 27
1461 1354 1520 1394 pr.
1554 1339 1686 1380 odisse

149 1408 340 1450 debemus
356 1409 455 1449 istos
476 1414 697 1449 conuentus
719 1414 755 1449 et
772 1415 906 1450 coetus
927 1409 1194 1456 ethnicorum,
1216 1409 1279 1449 ael
1301 1408 1410 1463 quod
1428 1409 1518 1449 illic
1540 1424 1683 1450 nomen

85 1491 129 1513 20
149 1478 230 1519 Dei
266 1477 591 1532 blasphematcm·‚
627 1478 719 1519 illic
754 1479 799 1518 in
835 1494 908 1519 nos
944 1478 1150 1519 cotidiani
1187 1479 1320 1519 teones
1355 1479 1684 1533 eaepostulantnr,

148 1547 245 1589 inde
280 1547 585 1601 persecutiones
631 1547 920 1597 decernuntur,
961 1549 1058 1589 inde
1103 1548 1389 1603 temptationes
1430 1549 1682 1590 emittuntur.

148 1616 213 1657 Dc
246 1617 392 1658 Idolol.
425 1618 478 1656 14
509 1632 547 1671 p.
574 1618 628 1657 45
662 1617 685 1657 1.
717 1619 770 1657 20
802 1617 924 1658 VViss.
957 1623 1063 1658 totus
1091 1618 1226 1659 circus
1252 1618 1432 1658 scelestis
1462 1618 1684 1672 suffragyiis

146 1687 263 1727 nullo
298 1686 443 1727 merito
474 1701 617 1727 nomen
651 1687 824 1728 lacessit.
887 1686 953 1728 Dc
985 1687 1121 1728 Iciun.
1156 1689 1210 1728 10
1242 1702 1278 1742 p.
1307 1689 1389 1727 288
1420 1688 1442 1728 l.
1474 1689 1524 1727 21
1558 1687 1680 1729 Wiss.

147 1756 222 1811 Ep.
261 1755 429 1811 Smyrn.
471 1755 516 1796 in
551 1755 740 1798 Cotelicr
776 1768 809 1796 Π
847 1758 927 1797 193
962 1772 1019 1811 sq.
1096 1756 1248 1797 Euscb.
1288 1756 1401 1798 Hist.
1438 1757 1546 1797 Eccl.
1581 1769 1610 1796 V
1646 1760 1679 1797 1.

82 1839 125 1870 25
146 1824 272 1880 Cypr.
307 1824 381 1879 Ep.
413 1826 466 1866 56
495 1823 514 1880 ξ
544 1828 565 1865 1
597 1828 648 1866 59
676 1823 694 1881 ξ
720 1828 755 1866 8.
819 1826 1034 1881 Polycarp.
1068 1825 1193 1866 Mart.
1228 1827 1280 1866 10
1311 1824 1330 1881 ξ
1362 1828 1385 1866 2
1418 1829 1573 1867 πεῖσον
1606 1825 1680 1868 τὸν

145 1891 290 1945 δῆμον.

232 1973 380 2002 PLANE
402 1976 460 2017 sq.
484 1961 607 2017 Kaye
632 1965 724 2003 111.

231 2045 268 2085 p.
304 2032 385 2071 104³
423 2031 446 2071 1.
482 2032 534 2070 14
575 2031 645 2071 Ad
682 2031 804 2086 Scap.
838 2035 861 2071 2
899 2033 958 2073 sic
989 2038 1024 2073 et
1055 2033 1169 2073 circa
1200 2033 1462 2073 maiestatem
1493 2033 1677 2087 impera-

144 2099 246 2139 toris
276 2098 546 2153 infamamur
559 2114 573 2148 ;
606 2105 745 2140 tarmen
767 2115 994 2154 numquam
1020 2100 1260 2148 Albiniani,
1281 2115 1353 2141 nec
1375 2099 1423 2140 N
1425 2101 1584 2155 iyriani
1615 2102 1677 2143 uel

80 2182 125 2212 30
146 2166 343 2208 Cassiani
372 2167 561 2208 inueniri
589 2174 813 2221 potuerunt
844 2168 1104 2217 Christiani,·
1141 2168 1211 2209 sed
1237 2168 1348 2209 idem
1376 2169 1470 2223 ipsi,
1498 2170 1570 2223 qui
1597 2184 1677 2223 per

140 2237 282 2290 [lenies
315 2252 457 2278 eorum
484 2237 530 2277 in·
554 2237 698 2291 pridie
720 2252 847 2292 usque
874 2238 1139 2286 iurauerunt,
1162 2238 1233 2292 qui
1263 2253 1340 2292 pro
1371 2238 1504 2279 salute
1536 2253 1675 2279 eorum

142 2304 298 2346 hostias
330 2311 368 2346 et
392 2305 589 2360 fecerant
626 2311 662 2346 et
695 2312 908 2354 acuerant,
942 2307 1014 2360 qui
1045 2306 1308 2347 Christianos
1339 2322 1461 2361 saepe
1498 2307 1676 2347 damna-

142 2380 303 2422 aerant,
331 2374 462 2415 hostes
491 2388 634 2415 eorum
661 2381 757 2415 sunt
785 2375 951 2430 reperti.
1014 2375 1067 2415 ad
1088 2382 1174 2415 nat.
1199 2387 1213 2415 Ι
1240 2376 1289 2416 17
1313 2390 1351 2430 p.
1377 2378 1429 2416 89
1456 2376 1478 2416 l.
1503 2378 1527 2416 8
1553 2376 1674 2417 Wiss.

143 2442 259 2482 nulla
288 2442 335 2482 in
359 2443 598 2496 prouinciis
630 2444 824 2498 affectata
856 2445 1065 2485 maiestas.
1128 2444 1189 2485 At
1221 2444 1295 2485 the
1328 2445 1405 2485 4th
1438 2445 1602 2485 council
1635 2446 1682 2485 of

77 2525 121 2556 35
141 2511 298 2551 Toledo
335 2526 366 2552 c.
406 2510 457 2552 75
497 2511 570 2552 the
610 2511 743 2552 whole
780 2512 923 2567 clergy
957 2512 1041 2552 and
1077 2513 1228 2567 pcople
1265 2512 1400 2553 thricc
1438 2513 1673 2554 exclaimed

143 2578 395 2634 Quicumque
437 2596 463 2621 a
507 2581 627 2622 modo
667 2596 716 2622 θαι
757 2581 872 2623 nobis
915 2583 978 2623 uel
1019 2583 1175 2623 cunctis
1220 2582 1463 2636 Hispaniae
1502 2583 1674 2637 populis

141 2649 322 2702 qualibet
342 2650 610 2692 ‘meditatione
635 2652 696 2692 uel
716 2651 854 2692 studio
875 2658 1181 2693 sacramentam
1205 2652 1312 2707 fidei
1332 2668 1442 2701 suae,
1465 2653 1573 2707 quod
1589 2668 1669 2707 pro

134 2719 307 2771 patriae
328 2719 464 2760 salute
486 2720 699 2774 yentisque
729 2721 958 2762 Gothorum
985 2727 1095 2762 statu
1124 2722 1190 2762 uel
1218 2722 1503 2763 incolumitate
1532 2724 1670 2777 reqiae
