1827 3004
141 165 192 204 34
638 202 650 214 ,
707 157 1104 200 TERTVLLIANI

138 281 281 317 uester
320 274 584 323 Christianis,
627 273 700 327 qui
739 286 792 312 ne
832 270 1085 311 animalium
1125 268 1300 323 quidem
1339 267 1592 322 sanguinem
1630 267 1676 308 in

142 355 277 409 epulis
307 353 534 394 esculentis
564 352 785 400 habemus,
819 350 892 404 qui
922 354 1150 403 propterea
1179 346 1402 388 suffocatis
1431 360 1604 400 quoque
1634 350 1678 386 et

142 431 378 472 morticinis
410 429 691 478 abstinemus,
726 442 780 468 ne
813 442 898 481 quo
932 426 1060 467 modo
1093 425 1301 479 sanguine
1333 424 1678 464 contaminemur

142 509 209 549 uel
239 509 353 548 intra
384 507 546 547 uiscera
577 506 759 559 sepulto.
819 504 1017 557 Denique
1046 503 1159 543 inter
1189 506 1508 556 temptamenta
1539 500 1676 541 Chris-

142 585 359 626 tianorum
388 583 560 624 botulos
589 583 721 623 etiam
750 595 898 621 cruore
925 580 1138 620 distensos
1166 578 1423 628 admonetis,
1453 577 1677 618 certissimi
1697 588 1718 619 5

141 662 302 702 scilicet
322 661 535 701 inlicitum
558 673 646 700 esse
668 672 798 713 penes
818 658 912 698 illos
934 671 1009 711 per
1031 656 1148 711 quod
1171 656 1415 696 exorbitare
1437 669 1508 696 eos
1530 655 1675 695 uultis.

142 740 273 779 Porro
302 739 428 792 quale
456 743 533 786 est,
564 743 614 778 ut
642 750 749 790 quos
777 735 1030 789 sanguinem
1057 734 1222 788 pecoris
1250 734 1420 773 horrere
1448 732 1676 780 confiditis,

142 815 330 855 humano
366 815 530 855 inhiare
567 813 764 861 credatis,
802 812 883 852 nisi
919 811 1031 852 forte
1066 811 1311 854 suaujorem
1347 824 1445 850 eum
1482 809 1675 863 experti?

143 894 279 943 Quem
309 894 484 948 quidem
513 899 557 934 et
584 893 728 947 ipsum
757 891 937 946 proinde
967 891 1309 931 examinatorem
1338 889 1679 930 Christianorum

143 974 336 1014 adhiberi
377 973 609 1027 oportebat
648 977 699 1012 ut
738 971 942 1020 foculum,
986 976 1036 1010 ut
1075 984 1280 1010 acerram.
1340 969 1526 1010 Proinde
1566 968 1679 1008 enim
1702 986 1746 1008 10

142 1053 428 1108 probarentur
462 1052 715 1107 sanguinem
752 1051 992 1091 humanum
1027 1049 1274 1104 adpetendo
1311 1048 1679 1103 quemadmodum

140 1134 395 1174 sacrificium
439 1132 693 1187 respuendo,
741 1131 932 1185 alioquin
976 1130 1162 1185 negandi
1207 1130 1241 1170 si
1286 1144 1373 1170 non
1416 1134 1677 1183 gustassent,

141 1213 509 1268 quemadmodum
535 1213 569 1253 si
594 1211 904 1260 immolassent,
934 1204 977 1251 et
1002 1211 1155 1265 utique
1180 1225 1267 1251 non
1293 1210 1462 1250 deesset
1486 1209 1611 1250 uobis
1635 1209 1679 1249 in

141 1293 362 1334 auditione
377 1293 672 1334 custodiarum
688 1296 730 1332 et
745 1291 1027 1332 damnatione
1042 1290 1215 1345 sanguis
1231 1289 1681 1351 hurnanus3sProinde
1726 1294 1730 1298 '

139 1374 293 1414 incesti
317 1374 390 1427 qui
415 1373 550 1428 magis
575 1386 707 1427 quam
731 1386 839 1425 quos
862 1371 954 1425 ipse
977 1370 1145 1424 Iupiter
1164 1370 1344 1420 docuit?
1406 1351 1558 1426 Persas
1582 1383 1679 1409 cum
1703 1386 1744 1417 15

140 1453 227 1494 suis
244 1454 456 1494 matribus
474 1452 639 1493 misceri
658 1451 821 1492 Ctesias
837 1450 981 1491 refert.
1042 1450 1126 1491 Sed
1143 1455 1186 1490 et
1203 1449 1460 1490 Macedones
1476 1450 1678 1503 suspecti,

141 1532 255 1586 quia,
295 1547 393 1573 cum
431 1533 619 1587 primum
658 1530 873 1585 Oedipum
910 1529 1179 1584 tragoediam
1216 1529 1452 1578 audissent,
1491 1528 1681 1569 ridentes

139 1613 291 1653 incesti
318 1613 522 1661 dolorem,
543 1610 754 1660 ‘'Hkavve,
780 1610 998 1659 dicebant,
1023 1608 1082 1654 εἰς
1104 1607 1182 1660 τὴν
1203 1606 1382 1663 μητέρα.
1443 1608 1539 1648 Iam
1565 1622 1681 1649 nunc

140 1692 375 1747 recogitate
424 1697 640 1747 quantum
689 1691 818 1731 liceat
866 1690 1080 1730 erroribus
1128 1689 1184 1729 ad
1232 1689 1398 1729 incesta
1447 1688 1679 1736 miscenda,

141 1771 449 1826 suppeditante
493 1771 697 1812 materias
741 1770 999 1825 passiuitate
1042 1768 1250 1810 luxuriae.
1310 1767 1529 1822 Imprimis
1572 1767 1681 1809 filios
1702 1785 1747 1808 20

141 1852 355 1906 exponitis
403 1851 696 1906 suscipiendos
744 1850 798 1891 ab
848 1851 992 1904 aliqua
1040 1853 1344 1903 praetereunte
1390 1847 1680 1888 misericordia

140 1936 360 1981 extranea,
397 1931 465 1971 uel
500 1930 775 1985 adoptandos
810 1929 1058 1970 melioribus
1092 1927 1346 1982 parentibus
1382 1927 1678 1982 emancipatis.

142 2011 329 2052 AJienati
354 2011 518 2066 generis
543 2025 714 2051 necesse
740 2015 806 2051 est
831 2009 1094 2064 quandoque
1119 2007 1371 2048 memoriam
1398 2007 1608 2061 dissipari,
1638 2013 1681 2048 et

141 2090 268 2131 simul
284 2104 398 2131 error
412 2091 636 2145 inpegerit,
655 2089 810 2130 exinde
825 2090 912 2130 iam
929 2087 1090 2129 tradux
1105 2086 1302 2141 proficiet
1315 2086 1468 2127 incesti
1483 2092 1681 2141 serpente

141 2183 293 2224 genere
328 2184 426 2210 cum
460 2171 627 2211 scelere.
689 2171 809 2210 Tunc
843 2168 998 2210 deinde
1033 2180 1293 2222 quocunque
1326 2167 1511 2216 inloco,
1548 2166 1678 2216 domi,
1701 2186 1744 2217 ²5
1797 2194 1800 2199 -

142 2264 327 2305 peregre,
354 2256 474 2291 trans
499 2251 610 2291 freta
635 2265 778 2291 comes
803 2255 868 2290 est
891 2249 1038 2298 libido,
1067 2249 1187 2288 cuius
1212 2248 1373 2301 ubique
1396 2248 1533 2288 saltus
1557 2247 1681 2288 facile

143 2336 325 2384 possunt
363 2317 532 2372 alicubi
557 2331 716 2386 ignaris
754 2331 862 2371 filios
901 2344 1087 2384 pangere
1126 2329 1193 2369 uel
1235 2343 1286 2369 ex
1325 2328 1469 2382 aliqua
1508 2328 1681 2369 seminis

145 2410 354 2463 portione,
374 2415 424 2450 ut
438 2410 501 2450 ita
517 2424 715 2464 sparsum
731 2423 864 2464 genus
882 2423 956 2463 per
973 2408 1228 2448 commercia
1246 2408 1436 2448 humana
1454 2413 1682 2448 concurrat

144 2489 188 2529 in
213 2489 440 2529 memorias
464 2503 576 2539 suas,
602 2503 742 2543 neque
767 2504 838 2530 eas
863 2503 1014 2530 caecus
1038 2488 1191 2529 incesti
1215 2488 1435 2542 sanguinis
1459 2493 1678 2542 agnoscat.

146 2569 235 2609 Nos
260 2569 314 2609 ab
340 2569 423 2610 isto
450 2575 610 2610 euentu
635 2569 962 2624 diligentissima
989 2574 1032 2609 et
1056 2568 1304 2609 fidelissima
1330 2567 1508 2608 castitas
1533 2567 1679 2621 sepsit,
1701 2585 1748 2616 30

146 2654 446 2702 quantumque
469 2649 523 2690 ab
547 2650 709 2703 stupris
734 2655 777 2690 et
800 2649 854 2690 ab
879 2649 995 2689 omni
1019 2654 1119 2703 post
1142 2632 1467 2689 matrimonium
1492 2661 1680 2698 excessu,

147 2733 321 2768 tantum
339 2734 383 2768 et
400 2728 454 2768 ab
472 2729 624 2769 incesti
642 2743 743 2769 casu
762 2729 848 2769 tuti
866 2742 1027 2768 sumus.
1090 2727 1276 2776 Quidam
1294 2727 1432 2768 multo
1451 2727 1682 2768 securiores
1778 2760 1791 2778 ,

147 2812 287 2847 totam
321 2807 410 2848 uim
445 2807 571 2848 huius
605 2808 755 2848 erroris
789 2808 953 2862 uirgine
988 2806 1256 2848 continentia
1290 2806 1525 2860 depellunt,
1561 2820 1682 2847 senes
