1827 3004
94 63 169 101 112
658 60 1057 109 TERTYLLIANI

89 177 301 231 erigimus,
338 177 541 217 fiduciam
576 175 760 229 figimus,
797 175 1068 228 disciplinam
1109 180 1438 229 praeceptorum
1475 173 1627 213 nihilo-

89 246 230 285 minus
258 244 619 285 inculcationibus
646 244 899 291 densamus3
938 243 1099 283 ibidem
1127 244 1259 284 etiam
1288 242 1623 291 exhortationes,

88 314 392 367 castigationes
416 318 459 353 et
482 327 660 353 censura
683 312 844 352 diuina,
906 311 1016 351 Nam
1042 318 1085 352 et
1107 312 1324 352 iudicatur
1347 325 1503 365 magno
1527 324 1625 350 cum

88 382 288 435 pondere,
319 388 368 422 ut
395 382 512 435 apud
540 386 678 421 certos
706 381 758 420 de
786 380 852 420 dei
881 386 1128 434 conspectu,
1157 394 1463 433 summumque
1490 379 1625 420 futuri

87 450 231 490 iudicii
260 450 570 504 praeiudicium
601 455 677 497 est,
709 449 741 489 si
772 449 867 502 quis
894 449 956 489 ita
985 449 1226 503 deliquerit,
1257 454 1307 489 ut
1335 463 1359 488 a
1388 448 1623 488 communi—

87 525 255 564 catione
301 525 507 564 orationis
553 530 596 564 et
640 529 881 563 conuentus
926 529 970 564 et
1013 524 1152 564 omnis
1197 523 1335 563 sancti
1381 521 1624 562 commercii

86 598 307 651 relegetur.
369 597 622 637 Praesident
646 596 820 650 probati
846 596 1007 650 quique
1032 596 1230 645 seniores,
1258 596 1465 637 honorem
1490 595 1623 635 istum

86 686 171 711 non
196 672 346 725 pretio,
374 671 448 711 sed
473 670 722 711 testimonio
747 670 908 723 adepti.
969 670 1120 724 Neque
1145 670 1258 710 enim
1283 670 1421 723 pretio
1447 669 1534 709 ulla
1557 682 1623 708 res

85 743 152 783 dei
177 749 362 784 constat.
424 744 570 783 Etiam
595 743 629 783 si
654 743 771 796 quod
796 757 919 783 arcae
943 757 1076 797 genus
1101 748 1178 791 est,
1205 757 1292 782 non
1317 742 1369 782 de
1394 741 1622 782 honoraria

84 831 252 857 summa
306 817 428 870 quasi
481 816 732 870 redemptae
784 816 997 871 religionis
1049 821 1345 870 congregatur.
1407 814 1621 854 Modicam

84 890 380 943 unusquisque
411 890 568 943 stipem
600 894 823 929 menstrua
854 889 935 938 die,
970 889 1036 929 uel
1069 903 1167 929 cum
1199 888 1317 935 uelit,
1352 894 1395 928 et
1426 888 1460 928 si
1492 887 1621 927 modo

82 963 199 1011 uelit,
231 968 274 1003 et
300 962 334 1003 si
362 962 491 1002 modo
518 962 667 1016 possit,
697 962 902 1016 apponit,
947 976 1048 1002 nam
1075 976 1202 1002 nemo
1231 961 1515 1015 compellitur,
1546 959 1621 1000 sed

83 1041 237 1089 sponte
261 1036 439 1076 confert.
499 1035 620 1075 Haec
644 1035 767 1089 quasi
790 1035 987 1089 deposita
1010 1035 1186 1089 pietatis
1209 1040 1324 1075 sunt.
1385 1034 1498 1074 Nam
1521 1033 1621 1073 inde

83 1123 168 1148 non
189 1109 324 1162 epulis
343 1123 421 1148 nec
440 1108 654 1163 potaculis
673 1122 751 1148 nec
770 1108 965 1162 ingratiis
984 1108 1216 1148 uoratrinis
1236 1107 1523 1161 dispensatur,
1546 1107 1620 1147 sed

83 1181 224 1235 egenis
244 1181 408 1222 alendis
428 1181 746 1235 humandisque
767 1186 810 1221 et
830 1181 972 1235 pueris
991 1195 1041 1221 ac
1061 1181 1213 1235 puellis
1233 1195 1277 1220 re
1297 1194 1346 1220 ac
1366 1180 1619 1234 parentibus

82 1254 316 1302 destitutis,
343 1255 517 1308 iamque
542 1254 789 1294 domesticis
814 1254 1000 1303 senibus,
1026 1254 1132 1294 item
1158 1253 1389 1307 naufragis,
1418 1258 1462 1293 et
1486 1253 1520 1293 si
1546 1243 1619 1306 qui

80 1327 123 1367 in
154 1328 351 1376 metallis,
385 1333 428 1368 et
457 1327 491 1367 si
522 1327 595 1381 qui
625 1327 669 1367 in
698 1327 848 1367 insulis
877 1327 945 1367 uel
974 1327 1018 1367 in
1049 1326 1268 1375 custodiis,
1302 1326 1537 1366 dumtaxat
1567 1340 1619 1366 ex

81 1414 210 1440 causa
234 1400 301 1440 dei
325 1406 480 1449 sectae,
507 1400 671 1440 alumni
695 1400 973 1440 confessionis
997 1414 1099 1440 suae
1122 1399 1247 1440 fiunt.
1301 1399 1385 1440 Sed
1409 1399 1619 1439 eiusmodi

81 1474 147 1514 uel
193 1475 380 1514 maxime
425 1474 666 1515 dilectionis
710 1474 903 1528 operatio
948 1479 1099 1514 notam
1144 1473 1268 1514 nobis
1311 1473 1446 1514 inurit
1489 1487 1619 1527 penes

81 1547 305 1600 quosdam.
366 1547 487 1596 Vide,
519 1547 737 1601 inquiunt,
770 1552 821 1587 ut
850 1547 1035 1587 inuicem
1066 1561 1110 1587 se
1141 1546 1344 1601 diligant3
1392 1546 1473 1600 ipsi
1506 1546 1617 1586 enim

79 1620 264 1660 inuicem
297 1621 504 1661 oderunt:
555 1626 599 1661 et
630 1626 681 1661 ut
712 1635 789 1674 pro
822 1621 1031 1661 alterutro
1064 1620 1172 1660 mori
1204 1620 1292 1660 sint
1324 1620 1487 1673 parati,
1538 1619 1619 1673 ipsi

81 1693 193 1733 enim
214 1694 270 1734 ad
290 1694 574 1734 occidendum
595 1694 853 1734 alterutrum
874 1693 1112 1748 paratiores
1133 1698 1271 1733 erunt.
1333 1692 1416 1733 Sed
1437 1698 1481 1733 et
1501 1693 1618 1746 quod

80 1766 233 1807 fratres
262 1781 341 1807 nos
370 1781 589 1816 uocamus,
621 1781 708 1807 non
739 1767 856 1815 alias,
889 1766 1053 1820 opinor,
1084 1766 1309 1806 insaniunt
1338 1780 1470 1819 quarn
1500 1766 1617 1819 quod

79 1839 196 1893 apud
219 1839 333 1893 ipsos
357 1854 484 1879 omne
507 1840 726 1894 sanguinis
749 1853 907 1880 nomen
931 1839 984 1879 de
1007 1839 1236 1879 affectione
1259 1838 1511 1879 simulatum
1537 1844 1613 1879 est.

80 1912 253 1953 Fratres
280 1918 427 1953 autem
457 1913 588 1953 etiam
616 1913 749 1954 uestri
777 1927 938 1962 sumus,
968 1913 1059 1953 iure
1085 1918 1268 1953 naturae
1296 1912 1448 1952 matris
1474 1912 1613 1966 unius>

80 1986 159 2026 etsi
183 2001 260 2026 uos
284 2001 437 2040 parum
463 1987 669 2036 homines,
696 1987 798 2040 quia
821 1987 922 2027 mali
946 1986 1114 2027 fratres.
1174 1987 1234 2026 At
1257 1992 1422 2040 quanto
1447 1985 1617 2040 dignius

79 2059 234 2100 fratres
260 2065 303 2100 et
329 2060 534 2100 dicuntur
559 2065 603 2100 et
629 2060 846 2100 habentur
872 2060 945 2114 qui
972 2074 1107 2100 unum
1134 2064 1303 2113 patrem
1331 2059 1460 2099 deum
1487 2073 1615 2113 agno-

80 2138 249 2181 uerunt,
271 2133 344 2186 qui
363 2147 497 2173 unum
517 2133 717 2187 spiritum
735 2133 925 2173 biberint
942 2132 1202 2181 sanctitatis,
1224 2132 1297 2186 qui
1316 2132 1369 2172 de
1387 2146 1473 2172 uno
1492 2137 1615 2172 utero

77 2205 345 2259 ignorantiae
370 2205 559 2245 eiusdem
584 2206 640 2246 ad
663 2220 795 2246 unam
818 2206 957 2246 lucem
982 2206 1239 2259 expauerint
1261 2205 1471 2246 ueritatis.
1532 2205 1614 2246 Sed

81 2292 128 2318 eo
160 2278 341 2319 fortasse
372 2279 514 2319 minus
547 2279 727 2334 legitimi
760 2280 1071 2328 existimamur,
1106 2279 1207 2334 quia
1240 2279 1358 2320 nulla
1386 2279 1439 2319 de
1466 2284 1614 2319 nostra

79 2350 352 2392 fraternitate
373 2352 594 2406 tragoedia
616 2352 844 2402 exclamat,
862 2352 930 2393 uel
952 2353 1054 2406 quia
1075 2367 1127 2393 ex
1147 2353 1393 2393 substantia
1414 2352 1615 2392 familiari

79 2427 233 2468 fratres
247 2443 407 2477 sumus,
427 2443 538 2482 quae
554 2443 684 2483 penes
699 2443 778 2469 uos
794 2429 880 2469 fere
897 2429 1061 2470 dirimit
1077 2429 1410 2470 fraternitatem.
1458 2429 1615 2482 Itaque

26 2529 28 2531 »
80 2500 152 2553 qui
188 2501 332 2540 animo
365 2501 597 2555 animaque
631 2502 871 2551 miscemur,
906 2502 1011 2542 nihil
1044 2503 1097 2543 de
1130 2503 1188 2542 rei
1223 2501 1613 2542 communicatione

79 2572 343 2613 dubitamus.
405 2573 560 2614 Omnia
590 2574 823 2614 indiscreta
853 2580 957 2615 sunt
987 2575 1104 2629 apud
1135 2589 1213 2615 nos
1243 2579 1413 2629 praeter
1443 2587 1610 2614 uxores.

79 2645 131 2684 In
162 2645 246 2685 isto
278 2645 371 2685 loco
405 2646 668 2686 consortium
701 2647 908 2687 soluimus
939 2647 983 2687 in
1017 2662 1102 2701 quo
1135 2648 1224 2688 solo
1258 2647 1386 2688 ceteri
1419 2646 1613 2687 homines

80 2718 343 2758 consortium
363 2724 575 2768 exercent,
596 2719 669 2772 qui
687 2733 774 2760 non
792 2720 1028 2760 amicorum
1047 2721 1317 2761 solummodo
1336 2719 1613 2760 matrimonia

1646 832 1690 853 10

1640 1564 1688 1585 20

1638 1924 1683 1954 25

1634 2659 1681 2691 35-
