1827 3004
153 51 234 92 374
716 45 1115 87 TERTVLLIANI
1367 45 1424 98 [p.
1454 44 1531 83 108
1553 42 1580 83 l.
1605 43 1687 82 2-

148 164 319 219 pubtz'cz',
355 169 392 204 et
426 177 516 204 cum
552 162 710 216 ingyentz'
750 160 918 201 inuidia
955 159 1084 201 simul
1121 175 1213 201 cnm
1248 160 1416 214 palatio
1450 158 1684 199 Christian-

154 248 273 273 orum
316 246 459 272 nomen
501 230 684 271 ardebat.
747 229 967 271 Christian
1009 229 1168 283 loyal‘ssy
1202 229 1356 269 lustin.
1400 227 1520 283 Apol.
1560 238 1573 266 Ι
1619 230 1681 268 11.

156 304 219 341 12.
258 302 322 341 23.

240 380 467 409 LARGITER
498 379 711 408 vLTioxIS
743 365 1002 419 ἐκδικήσεως
1035 364 1140 417 ἅδην
1165 365 1344 406 Ashton.
1408 365 1544 406 Plaut.
1576 365 1683 405 Rud.

113 455 132 485 5
155 451 202 479 IV
233 441 258 478 4
283 439 365 477 144
386 437 477 478 illic
497 438 628 477 inesse
656 436 756 476 auri
776 442 812 476 et
833 436 998 488 aryenti
1019 435 1204 488 larsst'ter.
1258 434 1312 475 ib.
1335 446 1364 473 V
1388 437 1411 474 2
1437 436 1489 474 28
1513 434 1688 488 laryz‘ter

155 506 356 547 mercedis
387 506 636 560 indz'piscar.
697 504 807 557 (The
841 504 979 544 Plaut.
1014 503 1059 543 in
1096 503 1225 556 lexx.)
1280 504 1407 558 Apul.
1442 503 1507 544 De
1542 503 1686 558 Magia

156 578 210 616 28
233 576 411 629 laryiter
431 590 578 629 aquae.
638 574 806 615 Petron.
831 574 881 614 71
907 574 1129 614 niueam-mn
1151 573 1339 626 laryz‘ter.

242 660 280 700 p.
307 646 388 685 108
411 645 434 685 l.
458 646 483 685 3
506 654 723 684 DISPVNGI
760 642 919 684 Oehler
940 643 976 682 h.
1002 642 1024 682 l.
1048 642 1102 682 ad
1129 648 1215 682 nat.
1239 653 1254 681 Ι
1279 643 1301 681 2
1330 656 1367 696 p.
1392 643 1442 683 61
1468 642 1492 682 l.
1518 645 1537 682 1
1565 642 1688 684 VViss.

156 729 239 755 non
278 714 422 755 statim
464 712 644 767 confesso
681 728 724 754 eo
758 727 896 753 nomen
937 711 1170 752 homicidae
1205 711 1429 765 dispuncta
1465 725 1589 752 causa
1633 717 1691 753 est

95 802 137 824 10
158 789 232 824 aut
259 784 417 824 satiata
446 782 632 836 coynitz'o.
690 782 755 822 De
789 781 962 822 Exhort.
987 780 1102 822 Cast.
1127 783 1150 820 2
1173 796 1208 820 a.
1230 796 1283 821 m.
1311 795 1415 835 quae
1446 781 1537 821 >uult
1563 795 1690 835 prae-

157 853 258 908 cipit
279 858 316 894 et
337 852 490 906 accipit
511 857 548 892 et
569 851 828 892 aeternitatis
849 850 1033 892 mercede
1054 850 1281 904 dispunyit.
1338 849 1448 890 Adu.
1468 850 1594 890 Marc.
1614 861 1647 889 ΙΙ
1665 852 1690 889 4

156 936 194 976 p.
213 920 308 969 337,
330 921 354 960 l.
379 922 431 960 28
448 920 522 960 Kr.
547 922 599 961 23
622 934 659 975 p.
683 919 764 960 367
790 920 813 959 l.
839 922 859 959 1
887 919 960 959 Kr.
1022 918 1087 958 De
1110 918 1350 972 Monogam.
1374 920 1399 958 8
1421 932 1456 958 a.
1479 933 1531 958 m.

242 1005 280 1045 p.
306 992 387 1031 108
410 989 433 1030 l.
457 991 482 1029 4
505 1000 604 1030 IGNI
627 999 826 1029 HVMANO
850 989 883 1039 )(
902 989 956 1027 48
978 1002 1016 1042 p.
1044 989 1124 1027 140
1147 987 1187 1028 ll.
1211 989 1332 1027 8—9.

244 1071 382 1100 SECTA
404 1074 436 1099 c.
459 1061 514 1099 40
537 1074 570 1099 a.
594 1074 647 1098 m.
672 1073 740 1099 nec
767 1058 855 1098 iatn
882 1057 969 1098 illic
998 1057 1265 1097 Christianae
1291 1062 1421 1097 sectae
1452 1056 1568 1110 origso
1601 1071 1692 1097 con-

97 1146 136 1176 15
157 1129 332 1170 sederat.
393 1128 459 1169 De
482 1128 673 1183 Spectac,
698 1129 721 1185 2
744 1142 782 1181 p.
808 1128 831 1166 2
855 1126 881 1166 l.
907 1128 958 1167 19
978 1125 1102 1166 VViss.
1153 1125 1206 1165 ad
1233 1132 1319 1166 nat.
1342 1137 1357 1165 Ι
1381 1127 1408 1165 4
1429 1140 1488 1180 pr.
1513 1128 1537 1167 6
1571 1141 1609 1180 p.
1638 1126 1694 1166 66

158 1199 181 1239 l.
208 1200 259 1238 15
284 1197 407 1238 Wiss.
436 1200 489 1238 10
517 1212 556 1252 p.
586 1197 637 1238 76
671 1197 694 1237 l.
726 1199 780 1237 10
809 1195 933 1238 XViss.
993 1210 1130 1250 saepe.
1179 1195 1337 1236 Minue.
1361 1197 1426 1236 40.
1489 1195 1691 1236 Prudent.

158 1267 304 1309 Contr.
338 1266 499 1322 Symm.
533 1278 568 1306 ΙΙ
601 1268 666 1308 93.
701 1266 794 1320 276.
856 1265 1015 1321 Apoth.
1038 1266 1166 1320 praef.
1198 1267 1221 1305 2
1246 1268 1281 1305 1.
1343 1265 1459 1306 Lacb.
1487 1265 1552 1305 De
1581 1264 1692 1319 Opif.

158 1337 240 1379 Dei
261 1340 280 1378 1
300 1336 319 1394 ἓ
336 1340 360 1377 2
379 1338 467 1391 [see
486 1336 778 1377 Biinemann's
796 1342 908 1376 note.
951 1336 1001 1375 A.
1020 1335 1093 1388 SM]
1137 1335 1259 1375 With
1278 1335 1485 1376 diuinitas
1505 1341 1637 1376 sectae
1653 1334 1703 1374 of

159 1407 282 1448 Fuld.
306 1408 353 1448 cf.
384 1422 416 1447 c.
446 1408 499 1448 39
518 1407 557 1447 d.
593 1405 852 1460 disciptinae.
914 1404 980 1445 De
1008 1404 1126 1445 Orat.
1158 1407 1210 1445 18
1242 1419 1281 1460 p.
1313 1406 1391 1446 191
1424 1405 1447 1445 l.
1482 1406 1537 1444 24
1569 1403 1692 1444 Wiss.

96 1493 140 1515 20
160 1476 226 1517 De
250 1475 343 1517 Cor.
366 1475 492 1516 Milit.
520 1478 553 1515 1.
617 1475 740 1529 Kaye
763 1477 815 1515 85
832 1489 889 1528 sq.

246 1557 285 1598 p.
310 1542 439 1583 1081.
464 1545 486 1582 5
510 1553 551 1582 SI
581 1552 697 1581 ENIM
732 1546 811 1581 eet.
873 1539 998 1595 Cypr.
1034 1539 1103 1580 Ad
1132 1540 1396 1582 Demetrian.
1430 1540 1479 1582 17
1508 1556 1567 1596 pr.
1597 1540 1695 1581 inde

160 1618 217 1654 est
250 1613 361 1653 enim
390 1611 499 1666 quod
532 1626 647 1652 nemo
680 1616 867 1651 nostrum
898 1610 1064 1664 quando
1097 1610 1431 1664 adprehenditur
1465 1611 1699 1652 reluctatur

160 1698 231 1724 nec
261 1697 302 1723 se
334 1681 540 1723 aduersus
572 1681 777 1722 iniustam
813 1680 1059 1721 uiolentiam
1098 1686 1279 1721 uestram
1313 1681 1508 1735 quamuis
1539 1680 1699 1720 nimius

162 1757 198 1793 et
224 1751 411 1805 copiosus
431 1756 569 1791 noster
589 1750 769 1804 populus
794 1749 1016 1790 ulciscitur.

100 1842 141 1873 25
250 1831 478 1861 EXSERTOS
521 1819 727 1868 declared,
775 1818 1029 1874 downright,
1071 1825 1201 1860 overt.
1276 1819 1342 1859 De
1379 1818 1601 1874 Baptismo
1645 1820 1700 1858 12

162 1904 200 1945 p.
245 1892 339 1931 211.
383 1891 436 1929 14
478 1888 602 1929 Wiss.
640 1887 834 1942 probatio
875 1893 1046 1928 exserta.
1131 1890 1183 1927 18
1224 1902 1264 1942 p.
1306 1889 1388 1928 216
1431 1888 1454 1928 l.
1504 1890 1527 1927 2
1575 1887 1697 1928 Wiss.

164 1957 436 2013 mamfestam
467 1964 504 1999 et
536 1963 742 1998 eoesertam
773 1956 1060 2010 dignationem
1091 1956 1254 1997 domini
1283 1957 1568 1998 intercessisse.
1632 1957 1696 1997 De

165 2027 405 2083 Monogam.
440 2029 464 2068 3
491 2041 622 2082 prope
644 2026 714 2066 fin.
744 2025 834 2066 iam
862 2040 943 2065 non
971 2025 1128 2079 oblique
1154 2041 1181 2066 a
1208 2027 1369 2080 nuptiis
1402 2041 1595 2075 auocans,
1627 2026 1698 2066 sed

166 2103 329 2138 eoeserte.
391 2097 501 2138 Adu.
525 2096 652 2136 Marc.
676 2107 692 2135 Ι
717 2097 768 2136 29
786 2110 824 2150 p.
844 2096 923 2135 331
950 2095 973 2135 l.
998 2096 1021 2134 2
1046 2095 1120 2136 Kr.
1143 2101 1238 2136 tunc
1260 2096 1438 2150 denique
1459 2096 1696 2150 coniugium

104 2191 147 2222 30
167 2172 322 2208 eoeserte
353 2166 626 2221 defendentes,
649 2180 741 2206 cum
763 2164 932 2205 inimice
955 2169 1178 2205 accusatur
1204 2165 1434 2219 spurcitiae
1462 2165 1626 2206 nomine
1653 2166 1697 2204 in

167 2235 484 2278 destructionem
507 2235 714 2276 creatoris.
777 2233 887 2274 Adu.
912 2233 1081 2274 Valent.
1107 2248 1144 2288 p.
1171 2236 1253 2274 180
1276 2234 1299 2275 l.
1326 2237 1377 2274 14
1400 2234 1474 2274 ΚΓ.
1498 2234 1570 2288 qui
1591 2234 1698 2275 talia

168 2320 292 2360 neque
322 2304 461 2360 facile
487 2304 727 2358 producunt
755 2318 880 2358 'neque
916 2309 1070 2344 exserte
1106 2303 1341 2358 defendunt.
1404 2303 1468 2343 De
1506 2303 1700 2358 Spectac.

168 2377 192 2416 3
226 2390 265 2430 p.
300 2377 326 2414 4
358 2374 381 2414 l.
418 2376 471 2415 23
504 2373 628 2414 VViss.
659 2373 788 2427 plane
824 2388 1030 2427 nusquam
1063 2373 1311 2422 inuenimus,
1350 2373 1698 2427 quemadmodum

169 2450 311 2499 aperte
335 2444 523 2499 positum
551 2449 627 2484 est:
659 2448 761 2483 ‘non
792 2442 1032 2491 occides'...‚
1054 2442 1117 2483 ita
1145 2447 1298 2483 exserte
1326 2442 1564 2496 definitum:
1600 2447 1696 2482 ‘non

106 2535 148 2565 35
169 2516 247 2557 ibis
278 2516 321 2555 in
355 2511 534 2555 circum?
596 2513 723 2568 Apul.
766 2512 940 2552 Metam.
983 2523 1019 2552 ΙΙ
1062 2513 1115 2552 22
1150 2512 1320 2553 exsertis
1351 2511 1492 2553 oculis.
1554 2513 1608 2552 30
1640 2525 1699 2566 pr.

169 2589 374 2626 eoesertam
408 2582 615 2636 uiyz'lz‘am.

256 2668 292 2707 p.
319 2654 400 2692 108
422 2652 446 2691 1.
470 2653 494 2692 6
518 2661 667 2691 AGERE
689 2651 736 2690 cf.
760 2665 791 2690 c.
816 2651 868 2690 10
890 2664 928 2704 p.
951 2651 1005 2691 36
1029 2650 1052 2690 l.
1076 2651 1140 2691 30.

256 2731 550 2761 NVMERORVM
610 2719 824 2760 Ammian.
855 2731 920 2759 XX
955 2720 981 2759 4
1011 2717 1030 2775 ἓ
1062 2719 1096 2760 7.
1158 2719 1253 2760 Tac.
1281 2719 1386 2759 Plin.
1411 2733 1472 2773 ep.
1506 2730 1558 2758 ΙΙΙ
1589 2722 1613 2757 8
1641 2715 1703 2773 §4

1778 26 1783 31 ·
1825 0 1827 42 1

1826 45 1827 60 η

1825 69 1827 92 1
