1827 3004
99 79 174 117 104
663 75 1061 132 TERTVLLIANI

96 191 295 240 Quirites,
328 191 466 245 ipsam
498 190 774 230 uernaculam
806 194 972 242 septem
1003 188 1175 228 collium
1206 188 1375 242 plebem
1406 188 1628 235 conuenio,

95 282 149 307 an
182 267 307 307 alicui
339 267 507 307 Caesari
538 281 615 306 suo
647 271 799 319 parcat
829 265 900 305 illa
931 265 1076 319 lingua
1108 265 1334 305 Romana?
1397 264 1535 304 Testis
1566 269 1631 304 est

95 344 269 392 Tiberis,
293 350 336 383 et
354 343 524 383 scholae
544 343 794 383 bestiarum.
856 342 950 381 lam
971 342 1005 381 si
1025 341 1271 395 pectoribus
1291 341 1347 381 ad
1366 341 1629 381 translucen-

93 421 195 461 dum
227 421 447 475 quandam
476 420 741 474 specularem
771 419 998 459 materiam
1027 424 1184 459 natura
1214 418 1479 466 obduxisset,
1511 417 1631 457 cuius

94 513 179 538 non
201 498 448 552 praecordia
468 498 684 551 insculpta
705 501 918 550 apparent
937 496 1038 536 noui
1058 510 1108 536 ae
1127 496 1229 536 noui
1249 495 1440 535 Caesaris
1459 508 1631 535 scenam
1650 504 1669 534 5

93 576 307 630 congiario
345 574 585 615 diuidundo
623 573 933 628 praesidentis?
997 573 1143 613 Etiam
1180 573 1252 613 illa
1290 573 1393 613 hora
1432 587 1517 626 qua
1558 571 1631 611 ad-

94 654 306 693 clamant:

315 744 380 784 De
411 744 569 784 nostris
599 743 723 783 annis
754 748 913 797 augeat
944 742 1023 783 tibi
1054 743 1221 796 Iupiter
1251 743 1408 782 annos!

92 841 212 881 Haec
254 841 522 881 Christianus
562 846 653 881 tam
696 840 921 880 enuntiare
960 854 1047 879 non
1088 839 1212 880 nouit
1252 854 1383 893 quam
1425 839 1477 879 de
1518 853 1632 879 nouo

92 920 270 958 Caesare
322 924 485 972 optare.
562 918 644 958 Sed
697 918 864 971 uulgus,
918 917 1073 971 inquis.
1150 917 1212 957 Ut
1262 917 1429 971 uulgus,
1484 921 1631 956 tamen
1654 931 1695 953 10

91 996 292 1043 Romani,
333 1009 410 1035 nec
448 995 521 1035 ulli
560 995 696 1049 magis
735 993 1081 1048 depostulatores
1119 993 1460 1034 Christianorum
1499 1006 1631 1046 quam

90 1072 258 1126 uulgus.
319 1072 451 1112 Plane
482 1071 611 1111 ceteri
640 1071 811 1111 ordines
840 1085 917 1124 pro
947 1071 1209 1111 auctoritate
1238 1070 1420 1125 religiosi
1451 1084 1502 1110 ex
1532 1070 1629 1112 fide.

92 1149 208 1190 Nihil
232 1150 447 1190 hosticum
472 1149 524 1189 de
547 1149 639 1202 ipso
663 1153 831 1196 senatu,
857 1147 910 1188 de
934 1147 1091 1201 equite,
1117 1148 1169 1188 de
1193 1148 1357 1197 castris,
1383 1148 1435 1188 de
1458 1148 1631 1201 palatiis

90 1228 193 1280 ipsis
223 1227 371 1281 spirat.
432 1226 559 1266 Unde
590 1225 721 1265 Cassii
753 1230 797 1265 et
826 1224 946 1279 Nigri
977 1230 1021 1265 et
1050 1224 1221 1265 Albini?
1271 1225 1386 1265 unde
1416 1225 1489 1279 qui
1518 1225 1632 1266 inter

91 1304 200 1345 duas
232 1304 378 1345 laurus
411 1303 613 1344 obsident
646 1302 898 1343 Caesarem?
951 1301 1065 1341 unde
1099 1301 1172 1355 qui
1206 1301 1404 1342 faucibus
1438 1302 1526 1342 eius
1561 1316 1629 1342 ex·
1653 1319 1692 1349 15

90 1382 323 1435 primendis
357 1381 659 1435 palaestricam
693 1379 919 1419 exercent?
972 1378 1087 1418 unde
1120 1379 1193 1432 qui
1227 1379 1383 1420 armati
1417 1379 1630 1433 palatium

88 1459 358 1512 inrumpunt,
390 1458 592 1498 omnibus
620 1462 688 1497 tot
717 1455 887 1510 Sigeriis
916 1460 1049 1509 atque
1078 1455 1321 1496 Partheniis
1350 1456 1627 1496 audaciores?

92 1534 156 1574 De
179 1534 401 1583 Romanis,
424 1534 505 1574 nisi
527 1533 663 1581 fallor,
687 1533 731 1573 id
753 1537 818 1572 est
839 1531 892 1572 de
919 1546 1005 1571 non
1031 1531 1296 1572 Christianis.
1357 1532 1502 1586 Atque
1523 1532 1631 1572 adeo

92 1625 242 1652 omnes
260 1611 318 1651 illi
339 1611 418 1651 sub
439 1611 532 1665 ipsa
551 1624 688 1663 usque
706 1609 945 1663 impietatis
966 1609 1191 1663 eruptione
1211 1614 1254 1649 et
1273 1623 1392 1649 sacra
1412 1609 1632 1650 faciebant

92 1706 167 1745 pro
194 1691 333 1731 salute
358 1690 631 1744 imperatoris
657 1695 700 1730 et
725 1689 899 1744 genium
926 1689 1015 1729 eius
1041 1689 1306 1737 deierabant,
1335 1690 1406 1729 alii
1432 1689 1534 1730 foris
1561 1690 1631 1730 alii
1651 1706 1695 1728 20

90 1772 221 1820 intus,
247 1777 290 1811 et
312 1771 463 1825 utique
485 1770 757 1824 publicorum
780 1769 971 1810 hostium
994 1783 1151 1809 nomen
1174 1769 1427 1809 Christianis
1449 1769 1629 1810 dabant.

92 1852 175 1891 Sed
198 1857 241 1891 et
263 1851 335 1905 qui
358 1865 473 1891 nunc
495 1850 773 1891 scelestarum
796 1849 987 1903 partium
1009 1849 1111 1889 socii
1134 1854 1212 1889 aut
1233 1848 1452 1902 plausores
1474 1849 1632 1890 cotidie

92 1932 351 1981 reuelantur,
381 1937 481 1985 post
507 1931 772 1972 uindemiam
800 1930 1111 1984 parricidarum
1139 1930 1372 1970 racematio
1400 1936 1629 1984 superstes,

92 2025 114 2063 q
124 2025 223 2050 uam
243 2010 546 2050 recentissimis
565 2015 608 2050 et
626 2009 926 2049 ramosissimis
945 2008 1099 2048 laureis
1118 2014 1264 2062 postes
1282 2009 1629 2062 praestruebant,

92 2106 223 2144 quam
257 2091 500 2131 elatissimis
533 2095 576 2130 et
609 2090 853 2130 clarissimis
884 2089 1067 2130 lucernis
1100 2089 1315 2129 uestibula
1347 2089 1628 2138 nebulabant,
1651 2107 1692 2137 25

93 2185 224 2223 quam
251 2170 497 2210 cultissimis
529 2175 572 2210 et
601 2169 918 2223 superbissimis
942 2169 1047 2209 toris
1077 2168 1218 2208 forum
1249 2169 1329 2209 sibi
1360 2169 1629 2218 diuidebant,

92 2265 177 2290 non
213 2257 262 2291 ut
295 2251 452 2305 gaudia
486 2250 659 2304 publica
694 2249 972 2297 celebrarent,
1008 2249 1083 2289 sed
1117 2254 1166 2289 ut
1200 2254 1304 2289 uota
1338 2250 1510 2303 propria
1544 2250 1631 2289 iam

94 2329 330 2369 ediscerent
354 2329 397 2369 in
423 2329 561 2368 aliena
587 2329 877 2369 sollemnitate
903 2334 946 2368 et
971 2328 1216 2381 exemplum
1242 2333 1375 2381 atque
1399 2328 1631 2381 imaginem

93 2409 178 2462 spei
219 2423 320 2449 suae
355 2409 678 2462 inaugurarent,
717 2422 875 2448 nomen
911 2408 1115 2461 principis
1150 2407 1194 2447 in
1231 2407 1358 2447 corde
1394 2412 1629 2448 mutantes.

93 2489 257 2528 Eadem
299 2488 437 2527 officia
478 2487 731 2541 dependunt
772 2493 815 2528 et
856 2487 929 2541 qui
970 2487 1207 2541 astrologos
1249 2492 1292 2526 et
1331 2487 1548 2540 aruspices
1588 2492 1632 2528 et
1650 2503 1694 2533 30

92 2582 273 2617 augures
306 2572 349 2607 et
381 2581 528 2620 magos
560 2566 612 2606 de
644 2566 875 2606 Caesarum
907 2566 1050 2620 capite
1081 2565 1343 2614 consultant,
1378 2580 1485 2619 quas
1517 2571 1631 2606 artes

94 2654 141 2687 ut
167 2647 221 2687 ab
247 2647 407 2700 angelis
432 2646 722 2686 desertoribus
747 2647 941 2700 proditas
967 2651 1010 2686 et
1034 2661 1058 2686 a
1084 2646 1164 2686 deo
1189 2646 1442 2686 interdictas
1466 2660 1519 2685 ne
1544 2647 1631 2686 suis

93 2727 267 2780 quidem
299 2727 437 2766 causis
468 2727 679 2766 adhibent
711 2727 954 2767 Christiani.
1016 2727 1091 2767 Cui
1124 2732 1271 2767 autem
1304 2741 1411 2780 opus
1443 2732 1508 2767 est
1538 2741 1630 2781 per-
