1827 3004
125 149 169 190 p.
193 135 295 178 501.
320 136 390 189 ρο]
630 132 1067 177 APOLOGETICVS
1101 133 1152 174 15
1581 130 1661 170 245

131 251 367 292 Woodham
408 264 625 306 compares
666 264 699 292 e.
741 251 794 291 46
836 249 932 291 deos
982 253 1141 290 uestros
1187 246 1337 302 palam
1387 245 1659 287 destruunt...

128 320 400 362 laudantibus
434 320 562 367 uobis,
595 319 786 374 plerique
831 319 958 360 etiam
993 318 1038 358 in
1078 317 1297 372 principes
1343 316 1505 356 latrant
1540 313 1663 355 susti-

127 389 316 431 nentibus
345 389 470 431 uobis.

218 470 391 500 CYBELE
412 459 460 499 cf.
484 473 522 513 p.
545 460 600 499 50
622 458 647 498 l.
670 459 723 499 26
746 473 785 499 n.
846 457 900 497 ad
922 464 1008 497 nat.
1031 467 1047 496 Ι
1073 458 1125 497 10
1146 470 1185 511 p.
1204 457 1258 496 80
1279 454 1304 495 l.
1323 458 1349 496 4
1366 453 1489 494 Wiss.
1516 452 1667 507 Cybela

124 533 341 583 pastorem
361 527 551 581 suspirat
570 525 867 582 fastidiosum,
889 540 967 566 non
998 523 1326 567 erubescentibus
1351 522 1465 564 uobis
1486 527 1522 563 et
1543 520 1666 561 susti-
1688 540 1707 571 5

130 597 237 638 netis
265 596 297 637 I
299 597 390 638 ouis
421 596 557 650 eloqia
590 595 818 636 modulari.
880 594 1038 635 Arnob.
1067 605 1115 634 IV
1145 595 1198 634 35
1232 593 1414 634 saltatur
1443 597 1480 632 et
1506 589 1669 643 Magyna

128 667 264 708 sacris
300 672 465 720 compta
501 680 595 707 cum
631 665 786 720 infulis
825 664 967 706 Mater
997 670 1035 706 et
1067 669 1212 705 contra
1243 663 1367 704 decus
1398 660 1550 703 aetatis
1585 658 1665 700 illa

130 737 405 779 Pessinuntia
438 736 704 790 Dindymene
739 735 783 776 in
822 733 986 776 bubulci
1021 733 1148 774 unius
1185 732 1425 787 ampleoeum
1446 729 1669 785 flcmitiosa

122 806 309 861 finyitur
349 804 604 859 adpetitione
642 804 805 858 yestire.
868 814 898 843 V
935 805 1000 843 42.
1063 817 1174 843 omn.
1207 813 1277 841 VII
1309 803 1363 842 33
1405 815 1443 856 p.
1484 800 1566 839 266
1604 799 1668 837 25.

134 874 328 916 obscene
361 873 531 915 festival
563 874 609 913 of
635 872 796 928 Cybele
832 878 878 913 ab
913 871 1142 926 Carbhage.
1216 870 1328 925 Aug.
1361 869 1426 909 De
1460 867 1553 910 Ciu.
1587 864 1670 906 Dei
1692 887 1735 910 10

135 948 229 987 114.
260 950 295 987 5.
325 957 393 986 VII
417 947 453 986 9.
516 944 636 984 Zahn
669 943 975 998 Forschungen
998 953 1027 981 V
1052 941 1145 982 176.
1208 940 1373 981 Lucian
1402 939 1527 979 Deor.
1557 935 1670 977 Dial.

137 1019 189 1058 12
214 1019 250 1057 1.
309 1015 456 1056 Sidon.
479 1014 524 1056 C.
552 1016 604 1055 23
628 1016 809 1055 281-8.
871 1012 989 1053 Lact.
1012 1011 1112 1052 Diu.
1136 1010 1243 1051 Inst.
1268 1021 1284 1050 Ι
1308 1010 1360 1050 17
1384 1007 1455 1064 §7-

222 1095 461 1125 SVSPIRAT:
494 1083 596 1125 Hor.
620 1082 778 1123 Tibull.

223 1170 261 1211 p.
286 1157 340 1196 50
362 1155 385 1195 l.
411 1156 463 1195 16
487 1163 748 1194 SVSTINETIS
769 1167 800 1192 c.
827 1154 877 1191 ‘25
901 1166 939 1206 p.
963 1152 1018 1192 90
1040 1149 1064 1191 1.
1089 1151 1153 1190 15.

224 1236 346 1266 IOVIS
378 1223 536 1264 Arnob.
560 1234 610 1263 IV
643 1224 694 1263 35
720 1222 745 1263 f.
768 1221 869 1276 quin
901 1226 938 1262 et
967 1220 1039 1261 ille
1072 1219 1114 1259 in
1137 1218 1308 1274 fabulis
1338 1216 1553 1262 mapinius
1586 1213 1676 1268 ipse
1697 1234 1738 1265 15

137 1300 334 1349 reynator
357 1293 452 1348 poli
473 1292 562 1332 sine
588 1291 675 1331 ulla
702 1289 886 1331 nominis
906 1287 1222 1342 maiestatisque
1242 1285 1483 1341 formidine
1513 1283 1569 1324 ad
1576 1283 1675 1323 ulte-

136 1379 285 1406 rorum
325 1377 448 1417 agere
488 1360 771 1402 introducitur
807 1364 968 1413 partes,
1001 1363 1122 1412 atque
1167 1362 1208 1397 ut
1242 1355 1407 1410 fallere
1443 1353 1676 1395 castitatem

138 1434 377 1475 alienarum
405 1430 538 1486 possit
558 1429 765 1484 familias
786 1433 985 1476 matrum,
1008 1442 1084 1468 ora
1112 1426 1339 1466 immutare
1364 1422 1551 1478 pellacia
1573 1427 1610 1462 et
1631 1421 1674 1461 in

138 1502 292 1558 species
327 1501 550 1554 coniuyum
583 1498 789 1540 subditiui
816 1497 1005 1552 corporis
1035 1496 1308 1538 simulatione
1335 1492 1561 1535 succedere.
1622 1490 1678 1532 id.

138 1584 206 1612 VII
229 1574 283 1613 33
306 1585 343 1626 p.
368 1571 462 1611 266.
487 1571 550 1610 22.
1698 1582 1742 1604 20

226 1656 266 1697 p.
289 1643 343 1682 50
366 1640 390 1681 l.
415 1642 467 1680 18
489 1639 543 1680 ad
566 1644 652 1680 nab.
675 1650 691 1678 Ι
715 1639 769 1678 10
791 1652 828 1693 p.
853 1639 907 1678 80
929 1637 954 1678 l.
980 1639 1000 1676 1
1034 1635 1158 1676 NViss.
1181 1638 1508 1688 constuprantur
1537 1645 1677 1672 coram

140 1710 256 1752 uobis
296 1709 536 1750 maiestates
574 1707 621 1748 in
662 1721 835 1761 corpore
870 1707 1052 1760 impuro.
1088 1703 1312 1760 famosum
1347 1708 1384 1743 et
1420 1699 1679 1741 diminutum

141 1784 268 1833 caput
297 1778 438 1832 imayo
470 1775 691 1818 cuiuslibet
723 1774 792 1816 dei
822 1775 956 1815 uestit.

229 1862 267 1903 p.
291 1848 345 1888 50
368 1847 391 1887 l.
417 1848 470 1886 18
492 1860 577 1900 seq.
638 1844 831 1900 Spectac.
858 1845 910 1884 10
934 1858 973 1898 p.
993 1844 1046 1883 12
1069 1842 1093 1883 l.
1118 1844 1170 1883 25
1195 1840 1319 1882 Wiss.
1341 1839 1466 1893 (with
1490 1836 1681 1879 Oehler's

141 1918 262 1967 note)
286 1929 390 1970 quae
414 1914 597 1969 priuata
626 1919 663 1954 et
690 1912 874 1967 propria
902 1917 998 1952 sunt
1025 1925 1199 1952 scaenae
1227 1910 1277 1951 de
1295 1914 1414 1964 ‘qesta
1436 1913 1472 1949 et
1494 1905 1682 1960 corporis
1701 1929 1744 1961 25

134 1986 253 2040 flexu
284 1984 492 2025 mollitiae
530 1982 703 2024 Veneris
734 1988 771 2022 et
802 1981 946 2022 Liberi
974 1980 1208 2021 immolant.
1272 1978 1374 2018 Hor.
1404 1976 1544 2019 Carm.
1579 1986 1593 2014 I
1628 1976 1679 2014 ]5

147 2058 181 2104 1,
217 2057 240 2094 2
266 2059 416 2108 pastor
447 2067 540 2094 cum
571 2051 755 2093 traheret
793 2065 875 2105 per
902 2049 1020 2102 freta
1050 2049 1232 2090 nauibus
1265 2047 1270 2102 Ι
1301 2047 1451 2088 Idaeis
1481 2045 1683 2093 Helenen,

144 2123 332 2179 peifidus
363 2122 582 2176 hospitam.

233 2201 578 2232 IGNOMINIOSVM
603 2188 696 2229 qu.
721 2192 758 2229 8.
782 2190 864 2228 188
886 2202 926 2228 n.

234 2275 272 2315 p.
297 2262 351 2301 50
374 2260 397 2300 l.
423 2262 474 2300 19
508 2268 886 2299 EFFEMINATIONE
917 2255 1086 2297 Firmic.
1117 2254 1249 2295 math.
1279 2254 1365 2307 [vn
1390 2254 1442 2293 25
1470 2250 1490 2307 ξ
1519 2254 1583 2299 14,
1612 2251 1683 2293 ref.
1704 2272 1749 2303 30

147 2330 192 2370 in
222 2329 301 2370 LS.
325 2343 480 2383 wrong.
540 2328 590 2368 A.
614 2326 676 2380 S.]
732 2326 851 2366 Hier.
875 2325 995 2367 Seru.
1018 2324 1071 2364 ad
1092 2324 1198 2364 Aen.
1222 2333 1271 2362 IV
1295 2323 1388 2362 216.
1451 2320 1519 2362 On
1548 2326 1685 2361 actm-s

148 2398 326 2454 playing
356 2397 509 2437 female
541 2403 659 2451 parts
689 2395 786 2436 qu.
809 2397 833 2435 3
868 2396 1038 2436 93-99
1071 2393 1156 2433 ind.
1181 2407 1209 2432 S.
1234 2407 1270 2432 v.
1292 2397 1441 2431 actors.

237 2482 275 2522 p.
299 2468 352 2507 50
376 2466 399 2506 l.
424 2467 477 2505 20
500 2476 705 2512 ALIQVAM
728 2479 759 2505 c.
784 2466 838 2505 50
860 2479 894 2503 a.
914 2478 967 2503 m.
990 2462 1136 2516 aliqua
1159 2460 1432 2514 Cartha-quvis
1454 2459 1674 2500 conditrix.

238 2546 488 2576 HERCVLEM
521 2534 571 2575 cf.
604 2533 762 2573 Arnob.
802 2543 850 2572 IV
887 2533 940 2572 35
978 2545 1049 2572 nec
1084 2545 1165 2571 non
1205 2535 1243 2570 et
1274 2529 1356 2569 illa
1388 2529 1531 2582 proles
1566 2527 1688 2569 Iouis

151 2604 368 2659 Sophoclis
389 2604 433 2643 in
460 2602 701 2644 Trachiniis
723 2601 929 2643 Hercules
948 2599 1144 2654 pestiferi
1164 2598 1360 2652 teyminis
1380 2597 1689 2639 circumretitus
1708 2619 1751 2651 35

150 2674 352 2728 indassine
380 2671 635 2713 miserabiles
663 2670 781 2711 edere
808 2669 1027 2711 inducitur
1053 2668 1276 2715 heiulatus,
1298 2667 1501 2708 uiolentia
1531 2666 1689 2707 doloris

141 2744 301 2801 franyi
323 2749 444 2797 atque
465 2741 506 2781 in
531 2741 725 2784 ultimam
741 2739 874 2781 tabem
893 2739 1169 2793 diffluentium
1186 2738 1391 2779 uiscerum
1412 2736 1689 2778 maceratione

153 2828 351 2857 consumi.
