1827 3004
112 72 162 110 70
677 67 1075 108 TERTVLLIANI

110 183 172 224 ita
197 188 240 223 et
263 182 380 236 quod
403 182 456 222 de
480 181 559 221 deo
584 181 826 235 profectum
851 186 928 230 est,
954 181 1059 221 deus
1083 186 1149 222 est
1172 186 1216 222 et
1238 180 1306 221 dei
1329 180 1441 221 filius
1465 186 1509 221 et
1531 195 1643 222 unus

111 260 253 300 ambo.
313 260 384 300 Ita
401 264 444 299 et
460 259 512 299 de
528 258 682 312 spiritu
698 258 874 311 spiritus
891 262 934 298 et
950 257 1002 298 de
1019 257 1098 298 deo
1115 257 1220 298 deus
1236 257 1411 298 modulo
1428 258 1642 299 alternum

110 352 349 386 numerum,
376 336 513 391 gradu
537 350 624 376 non
649 340 770 376 statu
794 335 909 384 fecit,
937 340 981 376 et
1006 349 1030 375 a
1056 335 1234 376 matrice
1260 350 1347 376 non
1371 335 1545 376 recessit
1569 335 1643 375 sed

111 414 303 454 excessit.
364 414 453 453 Iste
474 413 605 467 igitur
627 412 695 452 dei
716 412 874 461 radius,
899 417 950 452 ut
970 417 1085 452 retro
1107 426 1275 466 semper
1296 411 1640 466 praedicabatur,

109 490 309 543 delapsus
336 490 380 529 in
408 489 617 543 uirginem
647 488 867 542 quandam
897 493 940 528 et
966 488 1010 528 in
1038 493 1161 529 utero
1191 489 1280 529 eius
1308 502 1405 529 caro
1434 488 1643 543 figuratus
1662 503 1682 534 5

108 569 299 609 nascitur
335 568 464 608 homo
501 567 580 607 deo
617 567 793 608 mixtus.
855 566 961 608 Caro
998 567 1153 621 spiritu
1187 567 1401 608 instructa
1436 568 1640 617 nutritur,

109 650 326 698 adolescit,
363 648 550 697 adfatur,
589 648 727 697 docet,
764 653 968 702 operatur
1003 653 1047 688 et
1081 648 1274 689 Christus
1309 653 1386 689 est.
1446 648 1643 701 Recipite

108 730 280 770 interim
322 729 433 769 hanc
474 728 681 777 fabulam,
724 728 873 769 similis
913 733 980 769 est
1018 729 1186 778 uestris,
1230 728 1334 768 dum
1376 727 1643 768 ostendimus

109 809 325 864 quomodo
353 809 546 849 Christus
573 808 780 862 probetur
807 814 851 849 et
877 808 950 862 qui
977 822 1107 862 penes
1133 822 1211 848 uos
1238 808 1447 848 eiusmodi
1473 807 1642 849 fabulas

107 889 297 930 aemulas
335 888 391 929 ad
429 888 767 929 destructionem
804 888 1003 929 ueritatis
1040 888 1284 928 istiusmodi
1322 887 1640 941 praeministra·
1664 904 1707 927 10

106 969 261 1009 uerint.
322 968 526 1009 Sciebant
559 973 603 1008 et
636 967 787 1009 Iudaei
821 972 1055 1008 uenturum
1091 981 1181 1008 esse
1215 967 1446 1016 Christum,
1482 966 1644 1007 scilicet

107 1049 264 1103 quibus
292 1048 530 1103 prophetae
558 1048 863 1102 loquebantur.
923 1047 1036 1087 Nam
1068 1052 1112 1087 et
1140 1060 1255 1087 nunc
1284 1047 1524 1087 aduentum
1554 1046 1643 1086 eius

107 1134 352 1183 expectant,
391 1142 469 1168 1166
506 1128 589 1168 alia
625 1127 762 1182 magis
797 1127 910 1168 inter
945 1140 1024 1167 nos
1061 1132 1104 1167 et
1139 1126 1233 1167 illos
1270 1126 1540 1180 conpulsatio
1579 1131 1644 1166 est

108 1223 239 1263 quam
261 1207 378 1262 quod
398 1208 485 1249 iam
502 1208 669 1249 uenisse
684 1222 772 1249 non
789 1207 983 1248 credunt.
1042 1206 1225 1247 Duobus
1247 1206 1359 1246 enim
1381 1206 1642 1246 aduentibus

108 1289 196 1329 eius
229 1288 492 1343 significatis,
528 1288 679 1342 primo,
717 1287 790 1342 qui
822 1288 910 1328 iam
945 1291 1188 1341 expunctus
1222 1291 1287 1327 est
1318 1286 1363 1326 in
1397 1286 1643 1327 humilitate
1665 1299 1706 1332 15

106 1369 365 1410 conditionis
382 1369 610 1418 humanae,
631 1368 832 1418 secundo,
853 1367 927 1422 qui
945 1366 1240 1408 concludendo
1258 1366 1427 1407 saeculo
1444 1366 1644 1407 imminet

104 1449 147 1490 in
187 1449 456 1490 sublimitate
494 1449 738 1490 diuinitatis
777 1453 962 1498 exertae,
1003 1448 1192 1502 primum
1231 1461 1318 1488 non
1356 1447 1643 1502 intellegendo

107 1528 357 1578 secundum,
409 1543 538 1583 quem
592 1528 864 1569 manifestius
916 1527 1215 1582 praedicatum
1269 1531 1457 1581 sperant,
1508 1540 1643 1567 unum

105 1608 478 1649 existimauerunt.
539 1607 604 1647 Ne
631 1607 745 1648 enim
771 1607 1070 1662 intellegerent
1094 1606 1337 1660 pristinum,
1365 1606 1580 1655 credituri,
1607 1606 1642 1647 si

105 1688 429 1737 intellexissent,
460 1693 504 1729 et
530 1687 802 1728 consecuturi
829 1687 1027 1736 salutem,
1057 1686 1091 1726 si
1119 1686 1411 1735 credidissent,
1439 1686 1642 1726 meritum
1663 1703 1708 1726 20

105 1767 190 1808 fuit
222 1767 428 1808 delictum
464 1781 624 1808 eorum.
684 1767 774 1821 Ipsi
807 1766 958 1821 legunt
990 1766 1053 1806 ita
1087 1765 1296 1819 scriptum
1330 1765 1565 1806 mulctatos
1598 1779 1643 1806 se

106 1848 318 1901 sapientia
343 1852 388 1888 et
410 1847 705 1902 intellegentia
732 1851 776 1886 et
800 1846 1021 1886 oculorum
1048 1850 1092 1886 et
1116 1844 1285 1885 aurium
1310 1844 1443 1899 fruge.
1505 1844 1642 1893 Quem

105 1927 236 1981 igitur
281 1928 498 1968 hominem
544 1927 815 1968 solummodo
860 1930 1240 1981 praesumpserant
1284 1925 1337 1966 de
1381 1925 1640 1974 humilitate,

106 2007 368 2061 sequebatur
409 2007 473 2047 uti
517 2021 693 2062 magum
735 2007 1018 2047 aestimarent
1059 2005 1112 2046 de
1155 2010 1387 2059 potestate,
1433 2019 1531 2045 cum
1573 2005 1642 2045 ille

106 2087 238 2128 uerbo
272 2087 499 2128 daemonia
532 2087 586 2127 de
618 2086 865 2127 hominibus
899 2090 1133 2134 excuteret,
1169 2099 1317 2125 caecos
1349 2085 1639 2133 reluminaret,
1662 2103 1705 2135 25

106 2168 294 2221 leprosos
334 2172 549 2222 purgaret,
592 2167 854 2221 paralyticos
893 2166 1181 2220 restringeret,
1223 2170 1418 2205 mortuos
1457 2164 1643 2218 denique

106 2245 238 2286 uerbo
262 2245 461 2286 redderet
483 2246 613 2295 uitae,
641 2246 853 2286 elementa
876 2245 969 2299 ipsa
993 2244 1225 2284 famularet
1249 2257 1522 2297 compescens
1546 2257 1640 2297 pro-

108 2325 233 2365 cellas
259 2329 302 2365 et
325 2324 436 2365 freta
459 2325 713 2379 ingrediens,
741 2324 972 2365 ostendens
1000 2337 1044 2364 se
1072 2337 1161 2363 esse
1188 2322 1370 2363 uerbum
1398 2322 1479 2371 dei,
1505 2322 1550 2362 id
1576 2327 1641 2363 est

107 2405 328 2455 AOFON,
362 2405 468 2445 illud
500 2405 787 2460 primordiale,
823 2405 1171 2459 primogenitum,
1206 2403 1370 2444 uirtute
1401 2408 1444 2443 et
1473 2403 1640 2444 ratione

107 2484 363 2524 comitatum
404 2490 448 2525 et
486 2485 641 2539 spiritu
680 2485 854 2535 fultum,
898 2485 1081 2525 eundem
1123 2484 1197 2538 qui
1237 2483 1369 2524 uerbo
1411 2483 1555 2524 omnia
1596 2489 1640 2524 et
1659 2501 1705 2533 30

106 2563 266 2603 faceret
287 2569 331 2604 et
350 2564 533 2605 fecisset.
594 2565 662 2605 Ad
684 2565 927 2605 doctrinam
948 2578 1050 2605 uero
1073 2564 1175 2613 eius,
1199 2578 1285 2617 qua
1305 2562 1639 2603 reuincebantur

105 2643 298 2697 magistri
325 2644 617 2698 primoresque
644 2644 919 2694 Iudaeorum,
947 2644 1010 2684 ita
1039 2642 1420 2697 exasperabantur,
1449 2642 1638 2683 maxime

107 2722 223 2776 quod
240 2722 389 2776 ingens
408 2723 463 2763 ad
483 2737 580 2763 eum
599 2723 836 2764 multitudo
855 2722 1114 2772 deflecteret,
1135 2727 1186 2763 ut
1203 2727 1421 2776 postremo
1440 2721 1637 2762 oblatum
