1827 3004
114 108 160 149 p.
185 97 264 136 142
286 95 312 135 l.
339 96 379 148 6]
618 95 1052 137 APOLOGETIOVS
1086 99 1140 137 49
1569 96 1648 135 469

121 209 343 256 mallemus,
385 209 492 250 Itane
536 209 842 263 amplectimur.
918 209 1071 249 Iustin.
1110 209 1230 263 Apol.
1270 220 1281 248 Ι
1321 210 1374 250 68
1407 223 1465 263 pr.
1505 206 1576 248 καὶ
1615 206 1652 247 εἰ

118 277 198 329 μὲν
231 276 348 317 δοκεῖ
379 276 478 328 ὑμῖν
513 275 650 329 λόγου
682 276 755 317 καὶ
793 275 1002 327 ἀληθείας
1040 276 1237 332 ἔχεσθαι,
1268 275 1485 328 τιμήσατε
1516 274 1648 316 αὐτά·

122 343 160 386 εἰ
192 343 236 385 δὲ
268 347 402 398 λῆρος
436 344 534 396 ὑμῖν
569 344 697 393 δοκεῖ,
733 344 786 387 ὡς
823 343 1032 398 ληρωδῶν
1069 344 1342 399 πραγμάτων
1375 341 1650 396 καταφρονή-

123 430 234 454 σατε
251 413 324 454 καὶ
340 411 398 467 μή
422 413 476 456 ὡς
493 411 588 453 κατ’
610 413 781 468 ἐχθρῶν
799 411 911 453 κατὰ
930 414 1015 454 τῶν
1032 412 1162 465 μηδὲν
1181 411 1448 454 ἀδικούντων
1466 411 1652 452 θάνατον

123 480 298 536 ὁρίζετε.
1673 496 1690 526 5

211 566 249 606 p.
275 553 356 592 140
385 551 408 592 1.
433 553 486 591 28
516 561 814 590 INACCVSATIS
844 551 942 604 only
964 566 1026 590 ex.
1051 550 1093 590 in
1118 550 1223 590 lexx.
1285 550 1380 590 Add
1405 549 1454 589 ad
1480 555 1565 589 nat.
1592 560 1603 588 1
1629 551 1651 588 2

124 635 163 675 p.
197 622 251 661 60
283 621 306 662 1.
339 623 390 662 31
428 620 546 660 Wiss.
578 620 717 660 soletis
746 620 1009 661 inaccusatos
1045 626 1080 660 et
1121 620 1354 674 indefensos
1396 634 1472 660 non
1507 624 1654 660 temere

122 690 342 732 damnare.

212 770 260 799 IN
292 769 514 799 EIVSMODI
534 758 630 798 =in
661 757 826 798 talibus.
864 772 895 798 e.
933 760 984 798 15
1018 773 1055 813 p.
1089 773 1141 798 m.
1174 772 1315 799 eoram
1346 757 1418 811 qni
1452 756 1656 797 eiusmodi

113 828 317 882 facitant.
391 827 550 869 Oehler
591 841 644 867 on
687 826 752 883 De
796 826 921 881 Bapt.
966 828 1016 866 12
1059 841 1097 881 p.
1141 828 1220 867 631
1258 826 1382 880 (zp.
1426 827 1520 871 211,
1562 825 1585 866 l.
1629 826 1718 865 6ιο

131 896 282 947 Wiss.).
345 897 411 937 De
448 895 594 936 Idolol.
634 896 684 935 21
720 894 790 935 fin.
825 895 870 935 in
906 909 935 935 e.
977 895 1127 936 ridere.
1195 895 1247 935 ad
1288 900 1374 935 nab.
1410 905 1425 933 I
1461 898 1482 933 5
1528 908 1564 948 p.
1601 894 1653 934 66

128 966 150 1007 l.
186 968 212 1006 4
249 965 372 1007 VViss.
407 968 459 1006 10
492 965 562 1006 fin.
624 963 750 1019 Cypr.
781 978 846 1018 ep.
884 965 910 1004 3
944 964 1038 1017 (62)
1074 979 1112 1018 p.
1149 963 1239 1004 171.
1304 963 1361 1004 So
1392 962 1655 1003 huiusmodi:

126 1034 193 1076 De
225 1034 338 1076 Cult.
371 1035 487 1076 Fem.
519 1046 554 1074 II
587 1035 622 1075 9.
684 1033 750 1074 De
783 1032 958 1073 Exhort.
988 1031 1103 1073 Cast.
1129 1035 1149 1072 1
1175 1047 1233 1087 pr.
1263 1034 1289 1072 4
1316 1047 1350 1072 a.
1375 1047 1429 1072 m.
1461 1033 1512 1071 12
1542 1046 1578 1085 p.
1604 1046 1655 1071 111.

129 1104 199 1145 Ad
214 1104 339 1145 onr.
354 1116 388 1144 II
405 1103 440 1145 7.
470 1103 523 1144 ad
539 1109 627 1144 nab.
651 1114 686 1143 II
706 1105 725 1142 1
746 1117 784 1157 p.
801 1102 894 1143 941.
914 1105 968 1142 14
984 1101 1107 1142 Wiss.
1140 1102 1205 1142 De
1224 1102 1463 1156 Monogam.
1482 1101 1531 1141 16
1550 1115 1588 1155 p.
1604 1115 1656 1140 111.

130 1173 316 1214 Hermas
352 1184 368 1213 Ι
411 1175 434 1213 2
477 1175 502 1214 3
544 1172 790 1227 quicumque
825 1170 1069 1212 huiusmodi
1109 1176 1348 1224 operantur.
1410 1168 1525 1223 uulg.
1559 1167 1657 1222 Sap.
1680 1183 1718 1214 15

133 1244 184 1283 16
224 1244 247 1283 9
286 1241 337 1282 ab
373 1241 409 1283 11.
471 1241 599 1296 Apul.
635 1241 810 1281 Metam.
850 1251 935 1279 VIII
974 1241 1039 1280 26.
1092 1250 1141 1279 XI
1175 1240 1239 1279 16.
1301 1238 1411 1278 Iren.
1448 1249 1500 1277 III
1540 1240 1588 1277 11
1622 1238 1657 1277 9.

128 1310 290 1352 Concil.
323 1311 457 1352 Tolet.
498 1313 547 1351 11
588 1325 619 1351 c.
654 1312 718 1351 12.
795 1310 942 1351 James
979 1309 1129 1364 Apoor.
1167 1307 1309 1349 anecd.
1348 1308 1499 1360 (1893)
1534 1321 1572 1361 p.
1607 1308 1655 1345 11

131 1380 155 1421 l.
180 1379 202 1421 7
225 1395 303 1434 pro
324 1380 360 1421 h.
417 1379 579 1420 Archiv
602 1380 626 1420 f.
650 1379 721 1420 lat.
745 1378 845 1420 Lex.
869 1389 955 1418 VIII
972 1377 1071 1420 237.

217 1464 255 1504 p.
290 1450 372 1490 140
404 1449 428 1490 1.
461 1450 516 1490 30
548 1459 736 1489 IGNIBVS
781 1447 835 1488 ad
873 1447 998 1487 Mart.
1037 1448 1061 1487 6
1102 1445 1339 1486 acoidental
1380 1445 1487 1494 fires,
1518 1444 1661 1484 beasts

131 1518 334 1574 escaping
362 1518 469 1558 from
497 1516 787 1557 confinement]
816 1522 861 1557 to
889 1516 942 1556 be
976 1514 1184 1570 expected
1214 1514 1271 1568 by
1305 1512 1546 1555 Christians
1577 1511 1661 1552 and
1682 1529 1723 1551 20

131 1588 371 1630 meditated
403 1603 468 1628 on.
529 1601 604 1642 eg.
628 1587 798 1628 lamnae
825 1585 979 1626 Euseb.
1003 1585 1117 1625 Hist.
1141 1584 1249 1624 Eecl.
1273 1595 1303 1623 V
1336 1585 1357 1623 1
1387 1580 1407 1638 ξ
1429 1583 1493 1629 21,
1519 1581 1661 1622 tunica

132 1658 306 1699 molesta
336 1656 403 1697 De
435 1656 611 1711 Martyr.
642 1655 824 1696 Palaest.
858 1656 884 1694 4
915 1653 1022 1710 ξ12,
1051 1654 1125 1694 red
1157 1653 1232 1693 hot
1264 1651 1354 1692 iron
1388 1650 1515 1699 chair,
1549 1649 1661 1689 Hist.

133 1727 243 1768 Eecl.
266 1738 296 1767 V
320 1728 341 1766 1
365 1724 404 1781 §S
426 1727 491 1766 38.
515 1726 580 1766 56.

218 1811 256 1851 p.
282 1797 363 1835 142
387 1796 410 1836 1.
435 1797 458 1834 2
482 1804 695 1835 NOSTRVM
718 1803 976 1833 ARBITRIVM
998 1806 1030 1832 e.
1054 1790 1106 1831 27
1130 1804 1169 1845 p.
1193 1792 1245 1831 92
1270 1790 1292 1830 l.
1318 1791 1370 1829 13
1385 1804 1423 1829 n.
1467 1787 1660 1828 Lactant.

131 1878 163 1907 V
187 1868 239 1907 13
260 1863 280 1920 ξ
302 1867 325 1905 2
347 1865 419 1906 sed
443 1865 514 1905 illi
534 1863 706 1904 malitia
736 1868 773 1904 et
791 1862 950 1916 farore
979 1867 1204 1902 caecantur
1227 1875 1273 1901 ne
1294 1859 1477 1907 uideant,
1498 1856 1660 1898 stultos-
1682 1869 1723 1900 25

131 1950 210 1991 qne
231 1934 497 1976 (w'bitrantnr
517 1947 600 1974 esse
621 1932 704 1987 qui,
726 1947 818 1973 611111
846 1930 1024 1972 habeant
1051 1930 1096 1970 in
1120 1934 1317 1983 potestate
1344 1926 1555 1982 supplicia
1584 1939 1659 1965 saa

134 2006 283 2053 uitare,
305 2004 491 2046 eruciari
511 1994 649 2044 tanien
681 2008 718 2043 et
747 2001 877 2042 emori
907 2000 1093 2047 malunt,-
1125 2013 1217 2040 611111
1239 1997 1402 2052 possint
1433 2011 1481 2037 est}
1501 2010 1543 2036 eo
1572 1995 1662 2049 ipso

127 2073 366 2130 peraidere,
401 2088 481 2114 non
512 2086 596 2113 esse
631 2071 871 2118 stultitiam,
901 2070 946 2110 in
982 2083 1108 2123 qaam
1144 2073 1263 2108 tanta
1294 2066 1510 2107 hominnm
1540 2063 1663 2103 mitia

135 2158 209 2199 per
241 2142 376 2183 orbem
405 2147 535 2183 totum
566 2156 650 2182 ana
674 2146 712 2182 et
737 2140 843 2195 pari
863 2145 995 2180 niente
1017 2138 1280 2180 consentiant.
1342 2135 1500 2175 Minue.
1523 2136 1573 2174 37
1597 2131 1616 2188 ξ
1637 2134 1662 2171 3

132 2218 230 2267 quot
269 2226 317 2253 eae
358 2211 510 2251 nostris
549 2225 631 2251 non
672 2209 888 2251 dexteram
927 2207 1063 2248 solani
1112 2206 1183 2247 sed
1222 2211 1352 2246 totam
1393 2218 1542 2258 corpas
1592 2201 1663 2241 uri
1682 2218 1726 2250 30

134 2281 318 2323 eremari
338 2281 426 2321 sine
447 2279 549 2320 ullis
569 2278 796 2320 eiulatibus
823 2277 1100 2332 pertulerant,
1121 2290 1214 2316 611111
1236 2273 1395 2315 dimitti
1411 2270 1662 2327 praesertim

133 2350 330 2392 haberent
349 2349 393 2388 in
415 2363 495 2389 sna
513 2353 721 2402 potestate.

221 2434 260 2474 p.
295 2419 375 2458 142
409 2418 431 2458 l.
466 2420 489 2458 6
522 2428 701 2457 VVLGVS
732 2431 764 2457 e.
788 2418 841 2456 35
873 2430 926 2455 m.
957 2428 1028 2455 nec
1060 2413 1142 2453 ulli
1174 2412 1310 2465 magyis
1339 2409 1665 2465 depostulatores

138 2488 489 2534 Christianorum,
521 2501 643 2541 quam
680 2486 842 2539 uulgus.
905 2482 957 2524 37
990 2497 1049 2537 pr.
1082 2481 1237 2535 quoties
1268 2480 1394 2520 etiam
1422 2477 1665 2532 praeteritis

134 2556 252 2598 uobis
272 2570 345 2596 sno
366 2555 458 2596 iure
480 2570 551 2596 nos
567 2555 787 2595 ininn'cum
806 2569 828 2593 11
837 2553 955 2607 1119113
971 2550 1140 2592 inuadit
1156 2548 1367 2603 lapidibus
1384 2553 1420 2588 et
1437 2546 1664 2588 incendiis?
1684 2560 1726 2592 35

138 2628 193 2667 50
215 2641 253 2681 p.
278 2626 360 2665 144
385 2625 406 2665 1.
432 2626 486 2664 24
515 2624 609 2665 boni
633 2623 866 2679 praesides,
891 2622 1079 2663 meliores
1100 2619 1229 2659 multo
1257 2616 1373 2671 apud
1400 2616 1606 2671 populant
1627 2617 1665 2656 si

138 2694 400 2736 Christianos
421 2693 758 2734 immolaueritis.
820 2694 874 2732 48
898 2706 935 2745 p.
961 2691 1041 2731 136
1064 2689 1103 2729 11.
1129 2687 1237 2729 6--7
1264 2702 1290 2727 a
1307 2686 1476 2741 populo.

226 2775 351 2805 VANE
383 2763 448 2804 De
480 2763 586 2818 Fug.
613 2763 658 2803 in
690 2762 851 2802 Perseo.
883 2763 906 2801 5
936 2756 1192 2814 p1·.(superl.
1226 2755 1290 2796 De
1319 2753 1461 2795 Pudie.
1487 2765 1499 2793 I
1523 2768 1560 2808 p.
1585 2754 1663 2793 221
