1827 3004
127 128 169 168 p.
196 116 322 157 1341.
347 116 420 168 21]
469 130 476 136 ·
630 116 1064 160 APOLOGETIOVS
1096 121 1147 160 47
1576 122 1658 162 455

219 244 257 284 p.
292 231 373 270 134
411 229 433 269 l.
468 231 520 269 10
558 229 680 284 Kaye
716 233 808 272 203.
852 235 945 273 545.
1006 249 1117 288 supr.
1154 249 1185 275 c.
1220 237 1271 274 22
1315 250 1352 289 p.
1387 235 1438 275 76
1476 236 1499 276 l.
1534 238 1584 275 31
1621 250 1659 275 n.

130 297 196 337 De
230 297 410 338 Praescr.
442 297 568 338 Haer.
592 300 646 338 40
678 301 905 353 quaeritur,
938 316 963 341 a
997 318 1073 356 quo
1105 303 1334 344 intellectus
1365 304 1660 358 interpretetur

131 379 268 406 eorum
303 379 407 418 quae
438 364 495 405 ad
525 363 715 406 haereses
737 366 933 420 faciant:
975 384 1001 408 a
1032 370 1197 410 diabolo
1225 371 1390 419 scilicet,
1418 372 1536 412 cuius
1565 377 1660 412 sunt

129 439 270 488 partes
309 435 611 475 interuertendi
655 435 1023 479 ueritatem...ideo
1054 454 1182 493 neque
1213 455 1239 479 a
1272 440 1436 481 diabolo
1468 441 1659 481 immissa

128 517 212 544 esse
241 503 461 557 spiritalia
495 503 704 558 nequitiae
733 505 787 558 [=
804 505 910 560 Eph.
935 510 958 547 (5
988 510 1052 548 12.
1105 510 1152 548 A.
1171 510 1251 562 S.],
1273 524 1322 550 ea·
1351 510 1499 564 quibus
1530 510 1658 551 etiam
1679 527 1698 556 5

127 571 314 614 haereses
334 573 517 620 ueniunt,
539 572 734 614 dubitare
755 575 848 628 quis
870 575 992 617 debet.

213 657 251 698 p.
276 644 358 690 134
384 643 407 683 l.
433 645 483 682 11
513 642 668 683 Tatian
690 644 755 684 40.
818 644 972 685 Iustin.
996 646 1116 701 Apol.
1142 659 1153 686 1
1179 650 1242 688 54.
1304 648 1516 703 Athenag.
1542 650 1595 688 24
1613 649 1636 689 f.

214 722 579 752 AEMVLATIONEM
610 726 640 752 c.
676 714 699 752 2
732 727 766 752 a.
790 713 814 753 f.
837 713 1074 767 inteIlegyere
1100 717 1272 769 potestis
1305 732 1382 756 non
1413 717 1544 757 scelus
1575 717 1655 757 ali—

125 780 234 835 quod
274 781 317 821 in
360 795 486 822 causa
529 796 622 830 esse,
653 782 724 823 sed
756 797 911 831 nomen,
944 784 1051 838 quod
1083 785 1289 839 quaedam
1323 786 1433 826 ratio
1465 785 1655 826 aemulae

125 850 380 903 operationis
410 850 655 904 insequitur.
1677 873 1719 894 10

210 933 248 974 p.
282 921 364 960 134
396 919 419 960 l.
455 921 506 958 12
548 930 809 960 ADVLTERIA
838 920 903 961 De
936 921 1082 962 Idolol.
1114 937 1151 977 p.
1185 924 1239 963 30
1282 924 1304 964 l.
1340 926 1391 964 13
1427 923 1549 964 VViss.
1582 925 1655 978 qui

111 987 249 1042 falsis
281 987 370 1028 deis
403 988 543 1036 seruit,
585 988 673 1029 sine
713 988 836 1029 dubio
873 989 1041 1030 adulter
1077 996 1134 1031 est
1170 992 1370 1041 ueritatis,
1403 993 1503 1046 quia
1537 1008 1654 1034 omne

113 1055 280 1111 falsum
311 1056 569 1097 adulterium
600 1062 667 1098 est.
728 1057 794 1098 De
821 1057 935 1099 Cult.
959 1058 1075 1099 Fem.
1099 1071 1113 1099 Ι
1137 1062 1161 1100 8
1185 1061 1367 1101 colorum
1390 1061 1650 1102 iniustorum.

120 1125 231 1167 Adu.
274 1126 401 1166 Marc.
444 1137 459 1165 Ι
502 1127 556 1166 20
592 1141 650 1181 pr.
685 1126 807 1168 cu‘unt
848 1115 959 1168 enim
1000 1128 1261 1169 BIarcionem
1295 1144 1370 1170 non
1407 1135 1495 1170 tam
1530 1130 1649 1170 inno-

124 1210 240 1236 uasse
261 1195 454 1249 requlam
475 1196 742 1249 separatione
764 1196 867 1250 leqis
888 1204 926 1238 et
951 1198 1171 1252 euanqeliz}
1194 1214 1318 1253 quam
1351 1205 1458 1240 retro
1488 1200 1648 1241 adulte·
1672 1215 1714 1245 15

118 1271 261 1306 ratam
278 1280 500 1306 recurasse.
553 1265 619 1306 De
642 1265 823 1307 Praescr.
848 1267 976 1307 Haer.
1002 1269 1051 1308 17
1077 1274 1239 1309 tantum
1267 1269 1435 1309 ueritati
1457 1267 1650 1322 obstrepit

119 1335 287 1376 adulter
314 1350 467 1383 sensus,
489 1341 689 1389 quantum
719 1342 755 1376 et
786 1343 1006 1391 corruptor
1035 1338 1168 1378 stilus.
1232 1341 1284 1378 18
1305 1338 1374 1378 fin.
1407 1352 1561 1378 necesse
1592 1344 1649 1379 est

115 1404 225 1445 enim
256 1409 292 1445 et
326 1404 422 1444 illos
458 1403 594 1445 dicere
631 1419 658 1444 a
694 1404 808 1445 nobis
844 1406 988 1459 potius
1019 1406 1235 1447 adulteria
1265 1407 1577 1460 scriptewarum
1611 1412 1648 1447 et

115 1473 419 1528 eoepositionune.
449 1473 670 1515 mendacia
695 1473 863 1528 inferri,
886 1476 958 1529 qui
985 1476 1160 1529 proinde
1187 1476 1267 1516 sibi
1289 1475 1514 1530 defendant
1538 1475 1644 1516 ueri-

115 1550 251 1585 tatem.
313 1545 368 1584 30
398 1541 436 1598 p.
470 1558 523 1584 m.
556 1543 628 1584 hos
662 1550 703 1585 ut
733 1545 984 1599 insiqniores
1024 1551 1060 1586 et
1089 1545 1398 1600 frequentiores
1434 1544 1646 1586 adulteros
1663 1561 1709 1582 ⁷20

117 1613 308 1655 ueritatis
329 1613 604 1653 nominamus,
665 1615 716 1654 31
736 1629 795 1669 pr.
808 1614 1208 1669 parabolae...quae
1229 1615 1375 1655 bonum
1397 1614 1643 1669 semenfru-

113 1682 241 1723 menti
256 1697 283 1722 a
304 1681 471 1722 domino
488 1683 738 1723 seminatum
756 1684 801 1723 in
820 1684 1008 1738 primore
1021 1684 1242 1731 constituit,
1256 1698 1488 1724 (nicenorum
1505 1688 1641 1724 autem

110 1751 268 1793 sterilis
287 1751 416 1806 faeni
446 1751 706 1792 adulterium
737 1752 788 1792 ab
819 1753 990 1794 inimico
1022 1753 1185 1794 diabolo
1216 1759 1362 1807 postea
1392 1752 1642 1806 superducit.

111 1822 176 1862 De
199 1820 341 1876 Spee‘o.
366 1823 389 1861 2
412 1836 450 1876 p.
473 1823 498 1862 3
521 1821 545 1861 1.
571 1824 591 1861 1
618 1821 741 1862 117155.
768 1822 831 1863 uis
861 1823 1030 1863 aemula
1061 1837 1110 1864 ea:
1140 1823 1316 1863 aduerso
1348 1821 1642 1862 adulterandis

112 1890 251 1931 usibus
272 1890 445 1931 diuinae
466 1890 724 1931 conditionis.
777 1893 830 1932 23
847 1907 886 1947 p.
907 1893 1002 1932 2:31.
1027 1894 1078 1933 25
1096 1892 1218 1932 117155.
1242 1907 1322 1932 non
1345 1890 1637 1945 amatfalsum
1662 1907 1703 1938 25

109 1965 254 2001 auctor
270 1959 482 2006 ueritatis;
500 1959 757 2000 adulterium
772 1966 830 2001 est
844 1961 959 2014 apud
972 1961 1095 2001 illum
1110 1975 1170 2001 om
1181 1975 1225 2001 ne
1240 1959 1545 2014 quodfinqitur.
1576 1959 1640 1999 De

110 2029 254 2070 Pudic.
274 2031 326 2070 10
348 2044 386 2084 p.
407 2030 489 2069 240
507 2029 530 2069 l.
551 2031 601 2069 11
628 2029 751 2070 11Ἷ55.
767 2030 983 2084 scriptura
1004 2028 1316 2070 Pastoris...ad
1322 2029 1454 2069 ultera
1477 2034 1512 2069 et
1533 2028 1638 2082 ipsa.

193 2112 231 2152 p.
249 2098 331 2138 134
353 2097 376 2137 l.
394 2099 447 2137 18
470 2108 681 2137 RIDEMVR
703 2113 735 2138 c.
752 2100 804 2138 18
827 2099 958 2150 (after
978 2097 1188 2153 speaking
1208 2098 1254 2137 of
1271 2097 1344 2137 the
1361 2096 1639 2151 judgement)

107 2166 205 2208 haec
227 2171 264 2207 et
284 2181 357 2206 nos
377 2165 554 2206 risimus
575 2167 814 2220 aliquando,

193 2245 515 2275 IVDICATVRVM
547 2234 752 2275 Geffcken
784 2235 896 2276 Zwei
929 2235 1198 2290 Apologeten
1230 2234 1384 2287 (1907)
1416 2234 1558 2274 27911.
1584 2235 1636 2273 10
1657 2249 1700 2278 30

105 2303 190 2344 and
212 2317 250 2358 p.
275 2305 338 2343 96.

191 2387 228 2427 p.
255 2373 335 2412 134
368 2372 391 2412 l.
418 2373 468 2412 19
501 2383 761 2413 GEHENNAM
791 2373 913 2428 Kaye
944 2372 1024 2413 247
1049 2387 1131 2427 seq.
1165 2371 1245 2412 :327
1270 2386 1355 2425 seq.
1415 2371 1480 2411 De
1511 2370 1633 2412 Carn.

104 2441 251 2482 Resur.
275 2442 330 2482 34
351 2455 389 2496 p.
415 2440 467 2481 74
490 2441 514 2482 l.
534 2443 587 2482 10
611 2442 684 2483 Kr.
701 2457 832 2496 porro
854 2449 992 2484 autem
1024 2443 1248 2496 recipimus
1280 2442 1448 2482 animae
1479 2441 1632 2481 inmor-

102 2510 321 2559 talitatem,
342 2516 383 2551 ut
396 2510 564 2564 perdita
583 2526 661 2552 non¹
682 2511 726 2551 in
747 2512 965 2552 interitum
986 2511 1194 2559 credatur,
1210 2510 1281 2551 secl
1302 2511 1342 2549 in
1368 2510 1633 2563 supplicium,

101 2579 148 2620 id
169 2585 243 2628 est,
264 2579 309 2619 in
328 2579 568 2633 yehenuam.
630 2581 683 2620 35
706 2594 843 2634 saepe.
907 2579 971 2620 De
996 2579 1157 2619 Paenit.
1183 2581 1206 2619 5
1229 2578 1297 2619 fin.
1324 2580 1375 2618 12
1398 2577 1473 2618 bis.
1653 2587 1696 2617 35

189 2661 227 2702 p.
252 2649 335 2687 134
363 2647 387 2687 l.
412 2649 462 2687 21
498 2658 902 2688 DECACHINNAMVR
930 2647 983 2687 ad
1013 2657 1098 2688 nan.
1123 2658 1137 2687 1
1169 2648 1220 2687 19
1243 2662 1280 2701 p.
1308 2649 1358 2687 19
1382 2647 1404 2686 l.
1431 2648 1481 2686 12
1509 2645 1631 2688 Wiss.

101 2729 178 2769 quo
213 2714 398 2770 facilius
438 2715 618 2756 rideatis
657 2721 694 2756 et
734 2716 956 2756 resolutius
997 2715 1309 2756 decachinnetis.
1371 2715 1426 2770 gl.
1469 2714 1510 2755 in
1546 2715 1631 2755 Mai

100 2783 227 2825 Auct.
251 2783 381 2826 Class.
405 2795 454 2824 VI
478 2786 559 2825 519
582 2784 960 2833 decacliinncmtem,
983 2783 1246 2825 deridentem.
