1827 3004
156 41 237 79 438
716 39 1117 81 TERTVLLIANI
1342 43 1402 97 [p.
1431 44 1509 82 128
1531 42 1557 83 l.
1583 44 1691 82 21-—

243 168 282 208 p.
308 154 388 192 128
412 152 434 192 l.
460 154 510 192 21
536 163 808 193 ADVLTERAT
840 152 926 195 Cio.
952 153 1057 196 Plin.
1081 155 1197 210 uulg.
1220 155 1336 196 Terta.
1357 155 1423 196 De
1453 155 1691 211 Monogam.

159 225 182 263 2
205 222 282 263 bis.
334 222 436 275 [See
460 221 582 262 Thes.
605 222 689 262 and
712 222 795 263 add
818 237 910 264 exx.
933 223 976 263 in
1000 223 1144 279 Sbudy
1165 225 1212 265 of
1232 224 1551 266 Ambrosiasber
1571 240 1610 280 p.
1627 227 1691 266 82.

158 293 207 333 A.
232 292 293 346 S]

244 377 282 417 p.
308 364 389 403 128
419 362 443 403 l.
468 363 520 401 22
554 372 887 402 INSECTATORES
919 362 987 404 LS
1020 378 1099 404 one
1131 378 1193 404 ex.
1227 364 1333 404 from
1363 363 1456 405 Liu.
1480 378 1558 404 one
1588 363 1692 404 from

118 445 137 476 5
159 430 342 483 Quintil.
380 418 503 485 ‘very
534 430 650 471 rare?
712 431 825 492 Terta
854 430 965 471 Adu.
998 431 1126 472 Marc.
1159 443 1208 472 IV
1239 434 1291 472 15
1315 447 1373 487 pr.
1404 432 1479 473 bis.
1508 433 1621 487 Aug.
1649 432 1693 473 in

160 501 223 542 Ps.
255 502 307 541 55
343 502 396 541 10
422 514 460 555 p.
485 515 536 541 m.
573 501 626 540 99
662 501 713 539 12
743 515 777 540 a.
800 515 856 540 m.
917 499 1075 553 [Other
1106 515 1198 542 exx.
1230 501 1274 541 in
1308 501 1694 542 Benoist-Goelzer.

158 571 258 612 Add
289 571 377 611 also
410 570 561 625 [Aug]
594 569 729 611 Serm.
761 569 843 611 279
872 568 891 625 ξ
919 572 954 610 3.
1016 570 1066 610 A.
1084 570 1145 624 S]

245 649 490 680 ILLVSORES
513 638 628 678 Terb.
646 639 722 691 (I).
764 637 874 693 Aug.
893 638 970 690 (1).
1008 638 1124 679 Paul.
1144 637 1240 679 Nol.
1259 639 1325 690 (1)
1347 638 1450 690 (add
1468 638 1555 679 this
1576 639 1697 694 place

159 715 203 750 ‘no
218 709 359 761 lexx.).
409 707 527 761 [Add
542 707 629 748 also
648 706 766 747 Hier.
781 707 866 747 and
884 707 1001 762 uulg.
1016 708 1121 747 from
1140 708 1527 749 Benoisb-Goelzer.
1569 708 1621 748 A.
1635 708 1697 762 S.]

96 793 139 815 10
246 793 284 833 p.
307 779 387 817 128
406 777 430 817 l.
447 778 501 817 23
520 786 687 816 MIMICE
710 775 809 816 Son.
833 790 895 830 ep.
920 777 973 817 26
996 774 1055 831 §5
1078 777 1323 818 simulatio:
1353 778 1517 818 mimus.
1561 779 1614 818 55
1636 775 1698 833 §4

159 846 435 888 mendacium.
474 847 497 886 5
520 843 575 900 §1
596 844 779 898 conspici
795 845 977 898 cupiunt.
994 846 1018 885 6
1034 845 1192 899 passim
1211 846 1341 898 (word
1366 848 1390 887 3
1414 861 1505 888 exx.
1523 846 1568 886 in
1591 846 1697 888 leXX.

160 916 199 958 h.
223 916 246 957 l.
271 915 428 957 Θαΐ-,1111
452 914 550 956 Sen.
574 915 685 967 Rh).
744 913 855 968 [Not
876 929 970 954 now
992 915 1093 955 read
1115 914 1159 955 in
1183 914 1281 956 Sen.
1305 915 1386 955 Rh.
1438 915 1559 969 A.S.]

249 996 515 1026 AFFECTANT
546 999 577 1025 c.
603 986 655 1025 19
689 984 813 1025 Fuld.
837 999 875 1039 p.
901 986 954 1025 62
987 984 1011 1025 l.
1043 986 1078 1025 2.
1139 985 1193 1025 ad
1225 990 1311 1026 nat.
1344 997 1357 1025 1
1390 986 1417 1025 4
1449 1000 1487 1040 p.
1511 987 1564 1026 63
1598 985 1620 1026 l.
1645 987 1698 1027 29

162 1055 286 1097 Wiss.
318 1055 390 1097 sed
420 1055 643 1096 ueritatem
672 1055 838 1095 saeculo
871 1054 1210 1109 operosissimam
1247 1054 1490 1109 philosophi
1530 1055 1698 1109 quidem

98 1141 140 1172 15
161 1126 367 1180 affectant,
406 1123 622 1178 possident
663 1129 802 1165 autem
847 1122 1094 1171 Christiani,
1129 1123 1302 1177 ideoque
1354 1124 1426 1178 qui
1471 1124 1699 1178 possident,

161 1194 298 1249 mayis
319 1193 551 1248 displicent,
575 1193 676 1247 quia
699 1192 772 1247 qui
793 1192 972 1246 affectat,
993 1191 1164 1241 inludit,
1187 1193 1262 1246 qui
1280 1192 1479 1246 possidet,
1501 1192 1699 1248 defendit.

162 1262 336 1303 Herald.
360 1261 479 1317 Digr.
502 1273 518 1301 I
541 1276 572 1301 c.
596 1263 650 1303 33
673 1276 710 1316 p.
744 1263 924 1302 260-1,

249 1346 288 1387 p.
309 1333 390 1371 128
408 1331 434 1371 1.
450 1332 504 1370 24
526 1341 733 1371 GLORIAM
754 1329 848 1370 infr.
871 1345 903 1370 c.
927 1329 980 1370 47
1005 1344 1042 1385 p.
1064 1331 1145 1371 132
1168 1330 1192 1370 l.
1213 1331 1237 1371 9
1259 1345 1299 1370 n.
1345 1330 1469 1385 Cypr.
1493 1330 1559 1372 De
1582 1332 1701 1372 Bono

163 1400 406 1442 Patientiae
440 1402 464 1440 2
486 1400 557 1441 fin.
579 1400 617 1440 si
647 1400 859 1454 sapientia
888 1399 980 1440 illic
1007 1414 1112 1440 uera
1138 1414 1218 1440 non
1252 1405 1320 1447 est,
1349 1414 1431 1440 esse
1461 1414 1543 1440 non
1568 1406 1704 1454 potest

99 1487 144 1509 20
163 1477 199 1512 et
221 1485 326 1512 uera
340 1470 564 1525 patientia.
614 1484 711 1510 nam
729 1470 766 1509 si
781 1470 953 1524 patiens
973 1469 1047 1510 ille
1069 1475 1127 1510 est
1150 1469 1221 1524 qui
1242 1475 1301 1511 est
1321 1469 1497 1510 humilis
1517 1476 1554 1511 et
1575 1470 1703 1518 mitis,

161 1539 428 1595 philosophos
457 1544 596 1579 aldem
624 1553 693 1579 nec
726 1538 902 1579 humiles
933 1552 1017 1579 esse
1048 1537 1242 1579 uidemus
1271 1552 1342 1579 nec
1373 1538 1493 1579 mites
1522 1539 1594 1580 sed
1624 1539 1704 1580 sibi

162 1610 341 1650 multum
365 1608 579 1663 placentes
607 1613 643 1648 et
664 1607 736 1648 hoc
758 1607 848 1662 ipso
870 1607 978 1662 quod
999 1607 1080 1648 sibi
1103 1607 1299 1662 placeant
1327 1607 1400 1648 deo
1428 1607 1704 1662 displicente&

164 1684 344 1733 apparet
385 1677 477 1718 illic
518 1691 597 1717 non
636 1690 720 1717 esse
749 1675 1018 1731 patientiam,
1050 1676 1121 1717 ubi
1156 1676 1212 1717 sit
1246 1676 1430 1717 insolens
1466 1676 1704 1731 adfectatae

164 1747 369 1789 libertatis
405 1745 590 1786 audacia
622 1751 658 1786 et
699 1745 830 1786 exerti
871 1760 918 1786 ac
960 1744 1172 1786 seminudi
1205 1746 1388 1799 pectoris
1420 1746 1704 1788 inuerecunda

100 1837 119 1859 2
125 1837 144 1868 5
163 1817 382 1859 iactantia.

252 1903 290 1943 p.
338 1889 420 1927 128
463 1887 488 1927 l.
532 1888 584 1927 25
633 1896 834 1926 INTEGRE
883 1884 970 1927 Cio.
1019 1885 1115 1926 Tac.
1158 1884 1265 1926 Geli.
1308 1884 1435 1938 [Plin.
1478 1900 1541 1940 ep.
1584 1885 1704 1927 Suet.

164 1957 208 1998 in
246 1957 354 1997 lexx.
415 1955 515 1996 Add
545 1955 656 2011 Aug.
689 1970 784 2011 gen.
813 1954 866 1995 ad
904 1954 987 1995 litt.
1024 1969 1177 1995 summ.
1214 1969 1253 2009 p.
1290 1955 1385 2002 439,
1424 1956 1477 1995 13
1513 1954 1597 2010 Zy„
1630 1955 1703 1996 loc.

166 2027 282 2081 hepb.
306 2037 358 2066 ΙΙΙ
382 2027 419 2074 4,
441 2031 605 2080 quaest.
629 2025 744 2080 hepb.
769 2036 822 2065 ΙΙΙ
851 2026 907 2066 40
935 2040 970 2066 a.
998 2040 1051 2064 m.
1075 2024 1221 2065 CSEL
1247 2035 1308 2064 LX
1336 2039 1375 2079 p.
1406 2023 1499 2066 679.
1563 2024 1705 2066 Rufin.

165 2095 332 2150 (CSEL
354 2096 499 2147 XLVI.)
558 2095 609 2136 A.
625 2094 688 2148 S]

103 2182 148 2213 30
254 2175 416 2205 SALVTI
447 2175 562 2204 SVAE
595 2175 779 2204 CVRANT
838 2163 966 2219 Apul.
998 2163 1064 2204 De
1093 2163 1185 2204 Deo
1216 2163 1329 2204 Socr.
1354 2165 1377 2203 2
1401 2162 1470 2203 fin.
1496 2163 1707 2217 potentiae

171 2250 266 2276 uero
308 2233 465 2274 animis
506 2234 754 2275 coniectatae
785 2248 865 2287 per
905 2233 1057 2274 uarias
1097 2233 1301 2274 utilitates
1336 2232 1380 2272 in
1417 2233 1510 2274 uita
1542 2232 1706 2287 ayenda

169 2303 496 2345 animaduersae
531 2302 576 2342 in
617 2302 675 2343 eis
707 2301 839 2350 rebus,
876 2301 1025 2357 quibus
1061 2316 1203 2343 eorum
1235 2301 1395 2355 sinyuli
1431 2307 1591 2342 curant.
1651 2301 1706 2342 id.

169 2373 292 2428 Apol.
318 2375 338 2413 1
365 2373 548 2413 alteram
569 2386 666 2413 uero
696 2372 885 2413 caelitem
916 2371 1125 2420 Venerem,
1152 2370 1357 2426 praedita
1389 2385 1494 2425 quae
1522 2372 1576 2411 sit
1603 2371 1705 2425 opti-

169 2443 277 2484 mati
297 2457 441 2483 amore
460 2441 562 2482 solis
582 2441 817 2482 hominibus
838 2447 875 2483 et
895 2456 1039 2483 eorum
1066 2440 1219 2495 paucis
1247 2455 1408 2482 curare.
1470 2440 1600 2481 Lexx.
1623 2439 1707 2481 cite

106 2526 150 2558 35
170 2511 323 2553 Attius
344 2511 428 2552 an'd
451 2511 590 2551 Plaut.
652 2510 754 2564 [See
776 2510 899 2551 Thes.
923 2521 972 2550 IV
996 2512 1107 2551 1502
1130 2511 1195 2551 83.
1258 2509 1308 2550 A.
1327 2509 1388 2563 S.]

257 2595 295 2636 p.
320 2582 402 2620 128
435 2580 458 2620 l.
483 2581 536 2621 26
568 2591 828 2620 DISCIPLINA
861 2579 927 2620 De
960 2578 1123 2619 Paenit.
1147 2580 1183 2619 3.
1246 2578 1312 2619 De
1343 2578 1456 2620 Cult.
1484 2578 1601 2620 Fem.
1625 2591 1659 2619 11
1683 2581 1703 2619 1

170 2650 255 2691 and
298 2652 363 2690 10.
437 2648 554 2704 Orig.
596 2654 727 2690 contr.
766 2648 875 2691 Cels.
913 2660 961 2689 VI
1006 2648 1057 2689 17
1100 2648 1248 2690 denies
1281 2648 1378 2690 that,
1422 2648 1577 2689 Plato's
1613 2663 1706 2704 per-

171 2719 339 2760 suasive
362 2719 495 2760 words
516 2733 595 2759 can
617 2718 731 2760 hrain
752 2718 819 2760 his
840 2718 1039 2774 diseiples
1061 2724 1106 2760 bo
1129 2718 1258 2774 pieby.
