<?xml version="1.0" encoding="UTF-8"?>
<!DOCTYPE html PUBLIC "-//W3C//DTD XHTML 1.0 Transitional//EN"
    "http://www.w3.org/TR/xhtml1/DTD/xhtml1-transitional.dtd">
<html xmlns="http://www.w3.org/1999/xhtml" xml:lang="en" lang="en">
 <head>
  <title>
</title>
<meta http-equiv="Content-Type" content="text/html;charset=utf-8" />
  <meta name='ocr-system' content='tesseract 3.04.00' />
  <meta name='ocr-capabilities' content='ocr_page ocr_carea ocr_par ocr_line ocrx_word'/>
</head>
<body>
  <div class='ocr_page' id='page_1' title='image "apologeticustext00tertuoft_0086.png"; bbox 0 0 1827 3004; ppageno 0'>
   <div class='ocr_carea' id='block_1_1' title="bbox 148 101 1115 144">
    <p class='ocr_par' dir='ltr' id='par_1_1' title="bbox 148 101 1115 144">
     <span class='ocr_line' id='line_1_1' title="bbox 148 101 1115 144; baseline -0.002 -1"><span class='ocrx_word' id='word_1_1' title='bbox 148 106 201 144; x_wconf 76' lang='lat'>(32</span> <span class='ocrx_word' id='word_1_2' title='bbox 717 101 1115 143; x_wconf 85' lang='lat' dir='ltr'><strong>TERTVLLIANI</strong></span> 
     </span>
    </p>
   </div>
   <div class='ocr_carea' id='block_1_2' title="bbox 140 214 1747 2803">
    <p class='ocr_par' dir='ltr' id='par_1_2' title="bbox 140 214 1747 2803">
     <span class='ocr_line' id='line_1_2' title="bbox 149 214 1680 269; baseline -0.001 -12"><span class='ocrx_word' id='word_1_3' title='bbox 149 231 318 257; x_wconf 85' lang='lat' dir='ltr'>necesse</span> <span class='ocrx_word' id='word_1_4' title='bbox 350 222 426 257; x_wconf 90' lang='lat' dir='ltr'>est.</span> <span class='ocrx_word' id='word_1_5' title='bbox 487 216 594 256; x_wconf 90' lang='lat' dir='ltr'>Inde</span> <span class='ocrx_word' id='word_1_6' title='bbox 627 215 840 269; x_wconf 83' lang='lat' dir='ltr'>quaedam</span> <span class='ocrx_word' id='word_1_7' title='bbox 871 214 1096 255; x_wconf 85' lang='lat' dir='ltr'>nobiscum</span> <span class='ocrx_word' id='word_1_8' title='bbox 1127 214 1196 254; x_wconf 88' lang='lat' dir='ltr'>uel</span> <span class='ocrx_word' id='word_1_9' title='bbox 1226 228 1359 268; x_wconf 82' lang='lat' dir='ltr'>prope</span> <span class='ocrx_word' id='word_1_10' title='bbox 1390 229 1467 255; x_wconf 88' lang='lat' dir='ltr'>nos</span> <span class='ocrx_word' id='word_1_11' title='bbox 1498 215 1680 256; x_wconf 88' lang='lat' dir='ltr'>habetis.</span> 
     </span>
     <span class='ocr_line' id='line_1_3' title="bbox 149 287 1682 343; baseline -0.001 -13"><span class='ocrx_word' id='word_1_12' title='bbox 149 290 214 329; x_wconf 95' lang='lat' dir='ltr'>De</span> <span class='ocrx_word' id='word_1_13' title='bbox 244 290 394 343; x_wconf 81' lang='lat' dir='ltr'>sophia</span> <span class='ocrx_word' id='word_1_14' title='bbox 425 304 545 329; x_wconf 84' lang='lat' dir='ltr'>amor</span> <span class='ocrx_word' id='word_1_15' title='bbox 576 289 664 329; x_wconf 88' lang='lat' dir='ltr'>eius</span> <span class='ocrx_word' id='word_1_16' title='bbox 701 287 971 342; x_wconf 80' lang='lat' dir='ltr'>philosophia</span> <span class='ocrx_word' id='word_1_17' title='bbox 1006 287 1226 327; x_wconf 86' lang='lat' dir='ltr'>uocitatus</span> <span class='ocrx_word' id='word_1_18' title='bbox 1262 292 1339 337; x_wconf 89' lang='lat' dir='ltr'>est,</span> <span class='ocrx_word' id='word_1_19' title='bbox 1373 287 1426 328; x_wconf 88' lang='lat' dir='ltr'>de</span> <span class='ocrx_word' id='word_1_20' title='bbox 1455 288 1682 342; x_wconf 79' lang='lat' dir='ltr'>prophetia</span> 
     </span>
     <span class='ocr_line' id='line_1_4' title="bbox 145 364 1684 419; baseline 0 -13"><span class='ocrx_word' id='word_1_21' title='bbox 145 366 368 406; x_wconf 84' lang='lat' dir='ltr'>affectatio</span> <span class='ocrx_word' id='word_1_22' title='bbox 415 366 503 406; x_wconf 90' lang='lat' dir='ltr'>eius</span> <span class='ocrx_word' id='word_1_23' title='bbox 548 365 762 419; x_wconf 89' lang='lat' dir='ltr'>poeticam</span> <span class='ocrx_word' id='word_1_24' title='bbox 808 364 1165 404; x_wconf 88' lang='lat' dir='ltr'>uaticinationem</span> <span class='ocrx_word' id='word_1_25' title='bbox 1210 364 1454 418; x_wconf 89' lang='lat' dir='ltr'>deputauit.</span> <span class='ocrx_word' id='word_1_26' title='bbox 1515 365 1684 406; x_wconf 82' lang='lat' dir='ltr'>Gloriae</span> 
     </span>
     <span class='ocr_line' id='line_1_5' title="bbox 150 440 1682 496; baseline -0.001 -13"><span class='ocrx_word' id='word_1_27' title='bbox 150 444 343 484; x_wconf 83' lang='lat' dir='ltr'>homines</span> <span class='ocrx_word' id='word_1_28' title='bbox 376 443 409 483; x_wconf 88' lang='lat' dir='ltr'>si</span> <span class='ocrx_word' id='word_1_29' title='bbox 445 442 549 496; x_wconf 87' lang='lat' dir='ltr'>quid</span> <span class='ocrx_word' id='word_1_30' title='bbox 582 443 851 490; x_wconf 79' lang='lat' dir='ltr'>inuenerant,</span> <span class='ocrx_word' id='word_1_31' title='bbox 887 445 939 481; x_wconf 87' lang='lat' dir='ltr'>ut</span> <span class='ocrx_word' id='word_1_32' title='bbox 971 440 1193 494; x_wconf 90' lang='lat' dir='ltr'>proprium</span> <span class='ocrx_word' id='word_1_33' title='bbox 1227 440 1431 491; x_wconf 79' lang='lat' dir='ltr'>facerent,</span> <span class='ocrx_word' id='word_1_34' title='bbox 1468 441 1682 482; x_wconf 89' lang='lat' dir='ltr'>adultera-</span> 
     </span>
     <span class='ocr_line' id='line_1_6' title="bbox 150 517 1722 573; baseline -0.001 -12"><span class='ocrx_word' id='word_1_35' title='bbox 150 526 317 561; x_wconf 87' lang='lat' dir='ltr'>uerunt.</span> <span class='ocrx_word' id='word_1_36' title='bbox 379 520 525 561; x_wconf 87' lang='lat' dir='ltr'>Etiam</span> <span class='ocrx_word' id='word_1_37' title='bbox 546 519 758 559; x_wconf 77' lang='lat' dir='ltr'>fructibus</span> <span class='ocrx_word' id='word_1_38' title='bbox 778 533 802 558; x_wconf 92' lang='lat' dir='ltr'>a</span> <span class='ocrx_word' id='word_1_39' title='bbox 823 517 984 558; x_wconf 87' lang='lat' dir='ltr'>semine</span> <span class='ocrx_word' id='word_1_40' title='bbox 1004 517 1260 571; x_wconf 83' lang='lat' dir='ltr'>degenerare</span> <span class='ocrx_word' id='word_1_41' title='bbox 1281 518 1474 573; x_wconf 85' lang='lat' dir='ltr'>contigit.</span> <span class='ocrx_word' id='word_1_42' title='bbox 1536 519 1683 560; x_wconf 87' lang='lat' dir='ltr'>Multis</span> <span class='ocrx_word' id='word_1_43' title='bbox 1703 535 1722 566; x_wconf 85' lang='lat'><em>5</em></span> 
     </span>
     <span class='ocr_line' id='line_1_7' title="bbox 146 594 1683 646; baseline 0 -9"><span class='ocrx_word' id='word_1_44' title='bbox 146 597 289 638; x_wconf 88' lang='lat' dir='ltr'>adhuc</span> <span class='ocrx_word' id='word_1_45' title='bbox 314 597 366 637; x_wconf 92' lang='lat' dir='ltr'>de</span> <span class='ocrx_word' id='word_1_46' title='bbox 389 602 611 637; x_wconf 88' lang='lat' dir='ltr'>uetustate</span> <span class='ocrx_word' id='word_1_47' title='bbox 635 595 773 636; x_wconf 88' lang='lat' dir='ltr'>modis</span> <span class='ocrx_word' id='word_1_48' title='bbox 797 595 1074 635; x_wconf 74' lang='lat' dir='ltr'>consisterem</span> <span class='ocrx_word' id='word_1_49' title='bbox 1098 594 1344 635; x_wconf 87' lang='lat' dir='ltr'>diuinarum</span> <span class='ocrx_word' id='word_1_50' title='bbox 1366 595 1623 646; x_wconf 89' lang='lat' dir='ltr'>litterarum,</span> <span class='ocrx_word' id='word_1_51' title='bbox 1649 597 1683 637; x_wconf 85' lang='lat' dir='ltr'>si</span> 
     </span>
     <span class='ocr_line' id='line_1_8' title="bbox 148 670 1733 714; baseline 0 -1"><span class='ocrx_word' id='word_1_52' title='bbox 148 688 235 714; x_wconf 90' lang='lat' dir='ltr'>non</span> <span class='ocrx_word' id='word_1_53' title='bbox 268 673 404 713; x_wconf 88' lang='lat' dir='ltr'>maior</span> <span class='ocrx_word' id='word_1_54' title='bbox 436 673 672 713; x_wconf 84' lang='lat' dir='ltr'>auctoritas</span> <span class='ocrx_word' id='word_1_55' title='bbox 705 672 785 712; x_wconf 89' lang='lat' dir='ltr'>illis</span> <span class='ocrx_word' id='word_1_56' title='bbox 819 671 875 711; x_wconf 92' lang='lat' dir='ltr'>ad</span> <span class='ocrx_word' id='word_1_57' title='bbox 906 671 1037 711; x_wconf 88' lang='lat' dir='ltr'>fidem</span> <span class='ocrx_word' id='word_1_58' title='bbox 1070 670 1123 711; x_wconf 94' lang='lat' dir='ltr'>de</span> <span class='ocrx_word' id='word_1_59' title='bbox 1155 671 1352 712; x_wconf 89' lang='lat' dir='ltr'>ueritatis</span> <span class='ocrx_word' id='word_1_60' title='bbox 1385 686 1488 712; x_wconf 88' lang='lat' dir='ltr'>suae</span> <span class='ocrx_word' id='word_1_61' title='bbox 1522 673 1683 713; x_wconf 88' lang='lat' dir='ltr'>uiribus</span> <span class='ocrx_word' id='word_1_62' title='bbox 1730 700 1733 701; x_wconf 29' lang='grc' dir='ltr'><em>ν</em></span> 
     </span>
     <span class='ocr_line' id='line_1_9' title="bbox 148 748 1682 805; baseline 0.001 -14"><span class='ocrx_word' id='word_1_63' title='bbox 148 765 280 805; x_wconf 87' lang='lat' dir='ltr'>quam</span> <span class='ocrx_word' id='word_1_64' title='bbox 311 751 363 791; x_wconf 92' lang='lat' dir='ltr'>de</span> <span class='ocrx_word' id='word_1_65' title='bbox 393 751 549 790; x_wconf 90' lang='lat' dir='ltr'>aetatis</span> <span class='ocrx_word' id='word_1_66' title='bbox 580 749 807 790; x_wconf 85' lang='lat' dir='ltr'>annalibus</span> <span class='ocrx_word' id='word_1_67' title='bbox 837 749 1112 803; x_wconf 71' lang='lat' dir='ltr'>suppetisset.</span> <span class='ocrx_word' id='word_1_68' title='bbox 1174 748 1287 798; x_wconf 82' lang='lat' dir='ltr'>Quid</span> <span class='ocrx_word' id='word_1_69' title='bbox 1318 750 1430 790; x_wconf 89' lang='lat' dir='ltr'>enim</span> <span class='ocrx_word' id='word_1_70' title='bbox 1461 752 1682 805; x_wconf 89' lang='lat' dir='ltr'>potentius</span> 
     </span>
     <span class='ocr_line' id='line_1_10' title="bbox 147 827 1682 882; baseline 0.001 -14"><span class='ocrx_word' id='word_1_71' title='bbox 147 828 492 882; x_wconf 79' lang='lat' dir='ltr'>patrocinabitur</span> <span class='ocrx_word' id='word_1_72' title='bbox 538 827 786 868; x_wconf 85' lang='lat' dir='ltr'>testimonio</span> <span class='ocrx_word' id='word_1_73' title='bbox 835 841 994 876; x_wconf 87' lang='lat' dir='ltr'>earum,</span> <span class='ocrx_word' id='word_1_74' title='bbox 1043 827 1123 867; x_wconf 88' lang='lat' dir='ltr'>nisi</span> <span class='ocrx_word' id='word_1_75' title='bbox 1171 827 1417 882; x_wconf 84' lang='lat' dir='ltr'>dispunctio</span> <span class='ocrx_word' id='word_1_76' title='bbox 1464 829 1682 870; x_wconf 90' lang='lat' dir='ltr'>cotidiana</span> 
     </span>
     <span class='ocr_line' id='line_1_11' title="bbox 147 904 1747 958; baseline 0.002 -14"><span class='ocrx_word' id='word_1_77' title='bbox 147 905 304 945; x_wconf 89' lang='lat' dir='ltr'>saeculi</span> <span class='ocrx_word' id='word_1_78' title='bbox 330 905 476 953; x_wconf 91' lang='lat' dir='ltr'>totius,</span> <span class='ocrx_word' id='word_1_79' title='bbox 505 918 602 944; x_wconf 85' lang='lat' dir='ltr'>cum</span> <span class='ocrx_word' id='word_1_80' title='bbox 628 904 929 958; x_wconf 86' lang='lat' dir='ltr'>dispositiones</span> <span class='ocrx_word' id='word_1_81' title='bbox 954 918 1195 958; x_wconf 79' lang='lat' dir='ltr'>regnorum,</span> <span class='ocrx_word' id='word_1_82' title='bbox 1223 919 1321 945; x_wconf 90' lang='lat' dir='ltr'>cum</span> <span class='ocrx_word' id='word_1_83' title='bbox 1347 919 1470 946; x_wconf 87' lang='lat' dir='ltr'>casus</span> <span class='ocrx_word' id='word_1_84' title='bbox 1494 905 1679 956; x_wconf 88' lang='lat' dir='ltr'>urbium,</span> <span class='ocrx_word' id='word_1_85' title='bbox 1705 925 1747 947; x_wconf 87' lang='lat'>10</span> 
     </span>
     <span class='ocr_line' id='line_1_12' title="bbox 147 982 1681 1035; baseline 0.001 -13"><span class='ocrx_word' id='word_1_86' title='bbox 147 996 245 1022; x_wconf 87' lang='lat' dir='ltr'>cum</span> <span class='ocrx_word' id='word_1_87' title='bbox 281 982 422 1022; x_wconf 79' lang='lat' dir='ltr'>exitus</span> <span class='ocrx_word' id='word_1_88' title='bbox 455 982 662 1035; x_wconf 86' lang='lat' dir='ltr'>gentium,</span> <span class='ocrx_word' id='word_1_89' title='bbox 700 995 797 1021; x_wconf 91' lang='lat' dir='ltr'>cum</span> <span class='ocrx_word' id='word_1_90' title='bbox 833 986 974 1022; x_wconf 90' lang='lat' dir='ltr'>status</span> <span class='ocrx_word' id='word_1_91' title='bbox 1009 986 1256 1035; x_wconf 89' lang='lat' dir='ltr'>temporum</span> <span class='ocrx_word' id='word_1_92' title='bbox 1288 982 1351 1023; x_wconf 87' lang='lat' dir='ltr'>ita</span> <span class='ocrx_word' id='word_1_93' title='bbox 1386 982 1586 1023; x_wconf 90' lang='lat' dir='ltr'>omnibus</span> <span class='ocrx_word' id='word_1_94' title='bbox 1620 998 1681 1023; x_wconf 88' lang='lat' dir='ltr'>re-</span> 
     </span>
     <span class='ocr_line' id='line_1_13' title="bbox 147 1058 1680 1113; baseline 0.001 -14"><span class='ocrx_word' id='word_1_95' title='bbox 147 1059 374 1113; x_wconf 84' lang='lat' dir='ltr'>spondent,</span> <span class='ocrx_word' id='word_1_96' title='bbox 405 1059 774 1113; x_wconf 81' lang='lat' dir='ltr'>quemadmodum</span> <span class='ocrx_word' id='word_1_97' title='bbox 802 1063 904 1099; x_wconf 89' lang='lat' dir='ltr'>ante</span> <span class='ocrx_word' id='word_1_98' title='bbox 931 1058 1048 1099; x_wconf 89' lang='lat' dir='ltr'>milia</span> <span class='ocrx_word' id='word_1_99' title='bbox 1076 1073 1289 1099; x_wconf 88' lang='lat' dir='ltr'>annorum</span> <span class='ocrx_word' id='word_1_100' title='bbox 1316 1060 1680 1113; x_wconf 87' lang='lat' dir='ltr'>praenuntiaban-</span> 
     </span>
     <span class='ocr_line' id='line_1_14' title="bbox 146 1135 1678 1189; baseline 0 -12"><span class='ocrx_word' id='word_1_101' title='bbox 146 1138 244 1177; x_wconf 76' lang='lat' dir='ltr'>tur?</span> <span class='ocrx_word' id='word_1_102' title='bbox 307 1136 433 1177; x_wconf 85' lang='lat' dir='ltr'>Unde</span> <span class='ocrx_word' id='word_1_103' title='bbox 458 1141 501 1176; x_wconf 90' lang='lat' dir='ltr'>et</span> <span class='ocrx_word' id='word_1_104' title='bbox 525 1150 621 1189; x_wconf 90' lang='lat' dir='ltr'>spes</span> <span class='ocrx_word' id='word_1_105' title='bbox 647 1140 808 1184; x_wconf 87' lang='lat' dir='ltr'>nostra,</span> <span class='ocrx_word' id='word_1_106' title='bbox 837 1149 969 1189; x_wconf 88' lang='lat' dir='ltr'>quam</span> <span class='ocrx_word' id='word_1_107' title='bbox 993 1135 1154 1184; x_wconf 87' lang='lat' dir='ltr'>ridetis,</span> <span class='ocrx_word' id='word_1_108' title='bbox 1182 1136 1413 1185; x_wconf 83' lang='lat' dir='ltr'>animatur,</span> <span class='ocrx_word' id='word_1_109' title='bbox 1442 1141 1485 1177; x_wconf 79' lang='lat' dir='ltr'>et&#39;</span> <span class='ocrx_word' id='word_1_110' title='bbox 1509 1136 1678 1187; x_wconf 78' lang='lat' dir='ltr'>fiducia,</span> 
     </span>
     <span class='ocr_line' id='line_1_15' title="bbox 147 1212 1680 1268; baseline 0.001 -14"><span class='ocrx_word' id='word_1_111' title='bbox 147 1229 278 1267; x_wconf 88' lang='lat' dir='ltr'>quam</span> <span class='ocrx_word' id='word_1_112' title='bbox 300 1213 696 1268; x_wconf 83' lang='lat' dir='ltr'>praesumptionem</span> <span class='ocrx_word' id='word_1_113' title='bbox 717 1213 897 1262; x_wconf 82' lang='lat' dir='ltr'>uocatiS,</span> <span class='ocrx_word' id='word_1_114' title='bbox 922 1212 1236 1254; x_wconf 84' lang='lat' dir='ltr'>corroboratur.</span> <span class='ocrx_word' id='word_1_115' title='bbox 1296 1213 1460 1254; x_wconf 82' lang='lat' dir='ltr'>Idonea</span> <span class='ocrx_word' id='word_1_116' title='bbox 1482 1219 1547 1255; x_wconf 90' lang='lat' dir='ltr'>est</span> <span class='ocrx_word' id='word_1_117' title='bbox 1568 1215 1680 1255; x_wconf 90' lang='lat' dir='ltr'>enim</span> 
     </span>
     <span class='ocr_line' id='line_1_16' title="bbox 145 1289 1744 1344; baseline 0.001 -14"><span class='ocrx_word' id='word_1_118' title='bbox 145 1290 378 1344; x_wconf 80' lang='lat' dir='ltr'>recognitio</span> <span class='ocrx_word' id='word_1_119' title='bbox 406 1289 737 1344; x_wconf 88' lang='lat' dir='ltr'>praeteritorum</span> <span class='ocrx_word' id='word_1_120' title='bbox 765 1289 821 1329; x_wconf 90' lang='lat' dir='ltr'>ad</span> <span class='ocrx_word' id='word_1_121' title='bbox 848 1289 1161 1343; x_wconf 90' lang='lat' dir='ltr'>disponendam</span> <span class='ocrx_word' id='word_1_122' title='bbox 1188 1289 1392 1330; x_wconf 86' lang='lat' dir='ltr'>fiduciam</span> <span class='ocrx_word' id='word_1_123' title='bbox 1419 1289 1678 1332; x_wconf 77' lang='lat' dir='ltr'>futurorum.</span> <span class='ocrx_word' id='word_1_124' title='bbox 1705 1311 1744 1343; x_wconf 87' lang='lat'>15</span> 
     </span>
     <span class='ocr_line' id='line_1_17' title="bbox 146 1367 1681 1421; baseline 0.001 -14"><span class='ocrx_word' id='word_1_125' title='bbox 146 1367 311 1407; x_wconf 88' lang='lat' dir='ltr'>Eadem</span> <span class='ocrx_word' id='word_1_126' title='bbox 336 1382 462 1408; x_wconf 90' lang='lat' dir='ltr'>uoces</span> <span class='ocrx_word' id='word_1_127' title='bbox 487 1367 849 1421; x_wconf 86' lang='lat' dir='ltr'>praedieauerunt</span> <span class='ocrx_word' id='word_1_128' title='bbox 871 1372 1104 1421; x_wconf 85' lang='lat' dir='ltr'>utramque</span> <span class='ocrx_word' id='word_1_129' title='bbox 1128 1372 1309 1421; x_wconf 85' lang='lat' dir='ltr'>partem,</span> <span class='ocrx_word' id='word_1_130' title='bbox 1337 1367 1488 1408; x_wconf 86' lang='lat' dir='ltr'>eadem</span> <span class='ocrx_word' id='word_1_131' title='bbox 1511 1368 1681 1409; x_wconf 84' lang='lat' dir='ltr'>litterae</span> 
     </span>
     <span class='ocr_line' id='line_1_18' title="bbox 145 1443 1681 1499; baseline 0.002 -15"><span class='ocrx_word' id='word_1_132' title='bbox 145 1450 422 1485; x_wconf 82' lang='lat' dir='ltr'>notauerunt.</span> <span class='ocrx_word' id='word_1_133' title='bbox 483 1444 630 1485; x_wconf 89' lang='lat' dir='ltr'>Unum</span> <span class='ocrx_word' id='word_1_134' title='bbox 673 1450 738 1485; x_wconf 90' lang='lat' dir='ltr'>est</span> <span class='ocrx_word' id='word_1_135' title='bbox 779 1450 952 1498; x_wconf 90' lang='lat' dir='ltr'>tempus</span> <span class='ocrx_word' id='word_1_136' title='bbox 994 1443 1111 1498; x_wconf 86' lang='lat' dir='ltr'>apud</span> <span class='ocrx_word' id='word_1_137' title='bbox 1151 1443 1245 1484; x_wconf 86' lang='lat' dir='ltr'>illas</span> <span class='ocrx_word' id='word_1_138' title='bbox 1287 1444 1404 1498; x_wconf 87' lang='lat' dir='ltr'>quod</span> <span class='ocrx_word' id='word_1_139' title='bbox 1445 1445 1563 1499; x_wconf 90' lang='lat' dir='ltr'>apud</span> <span class='ocrx_word' id='word_1_140' title='bbox 1603 1460 1681 1487; x_wconf 91' lang='lat' dir='ltr'>nos</span> 
     </span>
     <span class='ocr_line' id='line_1_19' title="bbox 144 1506 1726 1575; baseline 0.001 -13"><span class='ocrx_word' id='word_1_141' title='bbox 144 1522 332 1575; x_wconf 87' lang='lat' dir='ltr'>separari</span> <span class='ocrx_word' id='word_1_142' title='bbox 365 1522 549 1562; x_wconf 89' lang='lat' dir='ltr'>uidetur.</span> <span class='ocrx_word' id='word_1_143' title='bbox 610 1522 680 1562; x_wconf 87' lang='lat' dir='ltr'>Ita</span> <span class='ocrx_word' id='word_1_144' title='bbox 713 1506 858 1562; x_wconf 91' lang='lat' dir='ltr'>omnia</span> <span class='ocrx_word' id='word_1_145' title='bbox 890 1535 1001 1575; x_wconf 86' lang='lat' dir='ltr'>quae</span> <span class='ocrx_word' id='word_1_146' title='bbox 1032 1526 1264 1575; x_wconf 87' lang='lat' dir='ltr'>supersunt</span> <span class='ocrx_word' id='word_1_147' title='bbox 1294 1521 1554 1575; x_wconf 85' lang='lat' dir='ltr'>improbata,</span> <span class='ocrx_word' id='word_1_148' title='bbox 1586 1536 1679 1575; x_wconf 75' lang='lat' dir='ltr'>pro-</span> <span class='ocrx_word' id='word_1_149' title='bbox 1724 1571 1726 1573; x_wconf 66' lang='lat'>‚</span> 
     </span>
     <span class='ocr_line' id='line_1_20' title="bbox 145 1598 1680 1652; baseline 0.001 -15"><span class='ocrx_word' id='word_1_150' title='bbox 145 1598 234 1637; x_wconf 67' lang='lat' dir='ltr'>bata</span> <span class='ocrx_word' id='word_1_151' title='bbox 263 1603 366 1638; x_wconf 89' lang='lat' dir='ltr'>sunt</span> <span class='ocrx_word' id='word_1_152' title='bbox 391 1598 526 1647; x_wconf 83' lang='lat' dir='ltr'>nobis,</span> <span class='ocrx_word' id='word_1_153' title='bbox 556 1598 657 1651; x_wconf 86' lang='lat' dir='ltr'>quia</span> <span class='ocrx_word' id='word_1_154' title='bbox 684 1612 781 1638; x_wconf 92' lang='lat' dir='ltr'>cum</span> <span class='ocrx_word' id='word_1_155' title='bbox 807 1598 889 1638; x_wconf 85' lang='lat' dir='ltr'>illis</span> <span class='ocrx_word' id='word_1_156' title='bbox 916 1612 1026 1652; x_wconf 88' lang='lat' dir='ltr'>quae</span> <span class='ocrx_word' id='word_1_157' title='bbox 1052 1598 1237 1652; x_wconf 89' lang='lat' dir='ltr'>probata</span> <span class='ocrx_word' id='word_1_158' title='bbox 1264 1603 1367 1639; x_wconf 84' lang='lat' dir='ltr'>sunt</span> <span class='ocrx_word' id='word_1_159' title='bbox 1392 1603 1497 1639; x_wconf 87' lang='lat' dir='ltr'>tunc</span> <span class='ocrx_word' id='word_1_160' title='bbox 1523 1599 1680 1640; x_wconf 76' lang='lat' dir='ltr'>futuris</span> 
     </span>
     <span class='ocr_line' id='line_1_21' title="bbox 144 1675 1743 1729; baseline 0.001 -15"><span class='ocrx_word' id='word_1_161' title='bbox 144 1675 519 1728; x_wconf 85' lang='lat' dir='ltr'>praedicabantur.</span> <span class='ocrx_word' id='word_1_162' title='bbox 594 1675 792 1724; x_wconf 87' lang='lat' dir='ltr'>Habetis,</span> <span class='ocrx_word' id='word_1_163' title='bbox 851 1675 968 1729; x_wconf 86' lang='lat' dir='ltr'>quod</span> <span class='ocrx_word' id='word_1_164' title='bbox 1022 1675 1167 1725; x_wconf 75' lang='lat' dir='ltr'>sciam,</span> <span class='ocrx_word' id='word_1_165' title='bbox 1226 1680 1269 1716; x_wconf 89' lang='lat' dir='ltr'>et</span> <span class='ocrx_word' id='word_1_166' title='bbox 1323 1689 1401 1715; x_wconf 89' lang='lat' dir='ltr'>uos</span> <span class='ocrx_word' id='word_1_167' title='bbox 1455 1675 1677 1729; x_wconf 78' lang='lat' dir='ltr'>Sibyllam,</span> <span class='ocrx_word' id='word_1_168' title='bbox 1700 1695 1743 1717; x_wconf 88' lang='lat'>20</span> 
     </span>
     <span class='ocr_line' id='line_1_22' title="bbox 144 1752 1680 1807; baseline 0.001 -15"><span class='ocrx_word' id='word_1_169' title='bbox 144 1753 350 1806; x_wconf 79' lang='lat' dir='ltr'>quatinus</span> <span class='ocrx_word' id='word_1_170' title='bbox 393 1753 626 1806; x_wconf 88' lang='lat' dir='ltr'>appellatio</span> <span class='ocrx_word' id='word_1_171' title='bbox 668 1753 752 1792; x_wconf 89' lang='lat' dir='ltr'>ista</span> <span class='ocrx_word' id='word_1_172' title='bbox 796 1766 924 1792; x_wconf 89' lang='lat' dir='ltr'>uerae</span> <span class='ocrx_word' id='word_1_173' title='bbox 966 1752 1082 1792; x_wconf 90' lang='lat' dir='ltr'>uatis</span> <span class='ocrx_word' id='word_1_174' title='bbox 1124 1752 1191 1793; x_wconf 93' lang='lat' dir='ltr'>dei</span> <span class='ocrx_word' id='word_1_175' title='bbox 1228 1752 1318 1792; x_wconf 87' lang='lat' dir='ltr'>ueri</span> <span class='ocrx_word' id='word_1_176' title='bbox 1355 1752 1515 1806; x_wconf 89' lang='lat' dir='ltr'>passim</span> <span class='ocrx_word' id='word_1_177' title='bbox 1553 1767 1680 1807; x_wconf 89' lang='lat' dir='ltr'>super</span> 
     </span>
     <span class='ocr_line' id='line_1_23' title="bbox 144 1828 1680 1883; baseline -0.001 -14"><span class='ocrx_word' id='word_1_178' title='bbox 144 1835 307 1869; x_wconf 84' lang='lat' dir='ltr'>ceteros</span> <span class='ocrx_word' id='word_1_179' title='bbox 337 1830 410 1883; x_wconf 87' lang='lat' dir='ltr'>qui</span> <span class='ocrx_word' id='word_1_180' title='bbox 441 1829 668 1869; x_wconf 85' lang='lat' dir='ltr'>uaticinari</span> <span class='ocrx_word' id='word_1_181' title='bbox 698 1828 961 1869; x_wconf 90' lang='lat' dir='ltr'>uidebantur</span> <span class='ocrx_word' id='word_1_182' title='bbox 990 1833 1200 1882; x_wconf 87' lang='lat' dir='ltr'>usurpata</span> <span class='ocrx_word' id='word_1_183' title='bbox 1232 1833 1308 1869; x_wconf 87' lang='lat' dir='ltr'>est.</span> <span class='ocrx_word' id='word_1_184' title='bbox 1369 1828 1481 1869; x_wconf 81' lang='lat' dir='ltr'>Sunt</span> <span class='ocrx_word' id='word_1_185' title='bbox 1510 1834 1680 1869; x_wconf 89' lang='lat' dir='ltr'>uestrae</span> 
     </span>
     <span class='ocr_line' id='line_1_24' title="bbox 143 1905 1679 1959; baseline 0 -13"><span class='ocrx_word' id='word_1_186' title='bbox 143 1906 331 1959; x_wconf 65' lang='lat' dir='ltr'>Sibyllae</span> <span class='ocrx_word' id='word_1_187' title='bbox 366 1920 523 1946; x_wconf 86' lang='lat' dir='ltr'>nomen</span> <span class='ocrx_word' id='word_1_188' title='bbox 559 1906 611 1945; x_wconf 94' lang='lat' dir='ltr'>de</span> <span class='ocrx_word' id='word_1_189' title='bbox 646 1906 832 1946; x_wconf 84' lang='lat' dir='ltr'>ueritate</span> <span class='ocrx_word' id='word_1_190' title='bbox 867 1906 1089 1955; x_wconf 76' lang='lat' dir='ltr'>mentitae,</span> <span class='ocrx_word' id='word_1_191' title='bbox 1128 1905 1497 1959; x_wconf 86' lang='lat' dir='ltr'>quemadmodum</span> <span class='ocrx_word' id='word_1_192' title='bbox 1533 1911 1577 1946; x_wconf 91' lang='lat' dir='ltr'>et</span> <span class='ocrx_word' id='word_1_193' title='bbox 1612 1906 1679 1947; x_wconf 87' lang='lat' dir='ltr'>dei</span> 
     </span>
     <span class='ocr_line' id='line_1_25' title="bbox 144 1982 1676 2037; baseline 0.001 -15"><span class='ocrx_word' id='word_1_194' title='bbox 144 1984 309 2035; x_wconf 65' lang='lat' dir='ltr'>uestri]</span> <span class='ocrx_word' id='word_1_195' title='bbox 370 1983 528 2023; x_wconf 87' lang='lat' dir='ltr'>Omnes</span> <span class='ocrx_word' id='word_1_196' title='bbox 544 1983 693 2036; x_wconf 81' lang='lat' dir='ltr'>itaque</span> <span class='ocrx_word' id='word_1_197' title='bbox 710 1982 978 2023; x_wconf 88' lang='lat' dir='ltr'>substantias</span> <span class='ocrx_word' id='word_1_198' title='bbox 995 1996 1229 2036; x_wconf 88' lang='lat' dir='ltr'>omnesque</span> <span class='ocrx_word' id='word_1_199' title='bbox 1246 1982 1462 2032; x_wconf 88' lang='lat' dir='ltr'>materias,</span> <span class='ocrx_word' id='word_1_200' title='bbox 1482 1983 1676 2037; x_wconf 80' lang='lat' dir='ltr'>origines,</span> 
     </span>
     <span class='ocr_line' id='line_1_26' title="bbox 143 2059 1741 2113; baseline -0.001 -14"><span class='ocrx_word' id='word_1_201' title='bbox 143 2060 325 2108; x_wconf 81' lang='lat' dir='ltr'>ordines,</span> <span class='ocrx_word' id='word_1_202' title='bbox 371 2074 505 2099; x_wconf 84' lang='lat' dir='ltr'>uenas</span> <span class='ocrx_word' id='word_1_203' title='bbox 547 2059 740 2100; x_wconf 83' lang='lat' dir='ltr'>ueterani</span> <span class='ocrx_word' id='word_1_204' title='bbox 785 2060 991 2113; x_wconf 85' lang='lat' dir='ltr'>cuiusque</span> <span class='ocrx_word' id='word_1_205' title='bbox 1034 2059 1120 2100; x_wconf 89' lang='lat' dir='ltr'>stili</span> <span class='ocrx_word' id='word_1_206' title='bbox 1163 2059 1308 2108; x_wconf 87' lang='lat' dir='ltr'>uestri,</span> <span class='ocrx_word' id='word_1_207' title='bbox 1354 2064 1503 2113; x_wconf 89' lang='lat' dir='ltr'>gentes</span> <span class='ocrx_word' id='word_1_208' title='bbox 1546 2059 1678 2100; x_wconf 88' lang='lat' dir='ltr'>etiam</span> <span class='ocrx_word' id='word_1_209' title='bbox 1699 2076 1741 2107; x_wconf 82' lang='lat'>25</span> 
     </span>
     <span class='ocr_line' id='line_1_27' title="bbox 144 2135 1675 2190; baseline 0 -15"><span class='ocrx_word' id='word_1_210' title='bbox 144 2136 367 2190; x_wconf 85' lang='lat' dir='ltr'>plerasque</span> <span class='ocrx_word' id='word_1_211' title='bbox 395 2142 437 2176; x_wconf 89' lang='lat' dir='ltr'>et</span> <span class='ocrx_word' id='word_1_212' title='bbox 464 2136 590 2176; x_wconf 88' lang='lat' dir='ltr'>urbes</span> <span class='ocrx_word' id='word_1_213' title='bbox 616 2136 801 2190; x_wconf 87' lang='lat' dir='ltr'>insignes</span> <span class='ocrx_word' id='word_1_214' title='bbox 829 2136 1105 2176; x_wconf 87' lang='lat' dir='ltr'>historiarum</span> <span class='ocrx_word' id='word_1_215' title='bbox 1133 2141 1176 2176; x_wconf 86' lang='lat' dir='ltr'>et</span> <span class='ocrx_word' id='word_1_216' title='bbox 1203 2149 1332 2176; x_wconf 89' lang='lat' dir='ltr'>canas</span> <span class='ocrx_word' id='word_1_217' title='bbox 1358 2135 1675 2186; x_wconf 76' lang='lat' dir='ltr'>memoriarum,</span> 
     </span>
     <span class='ocr_line' id='line_1_28' title="bbox 141 2212 1677 2267; baseline 0.001 -15"><span class='ocrx_word' id='word_1_218' title='bbox 141 2212 257 2266; x_wconf 80' lang='lat' dir='ltr'>ipsas</span> <span class='ocrx_word' id='word_1_219' title='bbox 285 2213 468 2266; x_wconf 80' lang='lat' dir='ltr'>denique</span> <span class='ocrx_word' id='word_1_220' title='bbox 496 2213 652 2267; x_wconf 86' lang='lat' dir='ltr'>effigies</span> <span class='ocrx_word' id='word_1_221' title='bbox 678 2213 934 2262; x_wconf 82' lang='lat' dir='ltr'>litterarum,</span> <span class='ocrx_word' id='word_1_222' title='bbox 963 2213 1125 2253; x_wconf 90' lang='lat' dir='ltr'>indices</span> <span class='ocrx_word' id='word_1_223' title='bbox 1152 2213 1438 2266; x_wconf 84' lang='lat' dir='ltr'>custodesque</span> <span class='ocrx_word' id='word_1_224' title='bbox 1465 2227 1606 2253; x_wconf 89' lang='lat' dir='ltr'>rerum</span> <span class='ocrx_word' id='word_1_225' title='bbox 1635 2219 1677 2254; x_wconf 91' lang='lat' dir='ltr'>et</span> 
     </span>
     <span class='ocr_line' id='line_1_29' title="bbox 145 2290 1676 2345; baseline 0.001 -16"><span class='ocrx_word' id='word_1_226' title='bbox 145 2292 268 2343; x_wconf 85' lang='lat' dir='ltr'>(puto</span> <span class='ocrx_word' id='word_1_227' title='bbox 302 2290 443 2330; x_wconf 84' lang='lat' dir='ltr'>adhuc</span> <span class='ocrx_word' id='word_1_228' title='bbox 474 2291 616 2331; x_wconf 87' lang='lat' dir='ltr'>minus</span> <span class='ocrx_word' id='word_1_229' title='bbox 648 2291 845 2342; x_wconf 86' lang='lat' dir='ltr'>dicimus)</span> <span class='ocrx_word' id='word_1_230' title='bbox 878 2291 994 2345; x_wconf 89' lang='lat' dir='ltr'>ipsos</span> <span class='ocrx_word' id='word_1_231' title='bbox 1024 2290 1205 2344; x_wconf 84' lang='lat' dir='ltr'>inquam</span> <span class='ocrx_word' id='word_1_232' title='bbox 1237 2290 1339 2330; x_wconf 89' lang='lat' dir='ltr'>deos</span> <span class='ocrx_word' id='word_1_233' title='bbox 1370 2296 1549 2339; x_wconf 86' lang='lat' dir='ltr'>uestros,</span> <span class='ocrx_word' id='word_1_234' title='bbox 1583 2290 1676 2344; x_wconf 89' lang='lat' dir='ltr'>ipsa</span> 
     </span>
     <span class='ocr_line' id='line_1_30' title="bbox 143 2359 1675 2422; baseline 0.001 -17"><span class='ocrx_word' id='word_1_235' title='bbox 143 2366 305 2420; x_wconf 79' lang='lat' dir='ltr'>templa</span> <span class='ocrx_word' id='word_1_236' title='bbox 339 2372 381 2406; x_wconf 84' lang='lat' dir='ltr'>et</span> <span class='ocrx_word' id='word_1_237' title='bbox 413 2367 584 2407; x_wconf 85' lang='lat' dir='ltr'>oracula</span> <span class='ocrx_word' id='word_1_238' title='bbox 617 2372 659 2407; x_wconf 89' lang='lat' dir='ltr'>et</span> <span class='ocrx_word' id='word_1_239' title='bbox 691 2381 811 2408; x_wconf 88' lang='lat' dir='ltr'>sacra</span> <span class='ocrx_word' id='word_1_240' title='bbox 843 2359 968 2408; x_wconf 84' lang='lat' dir='ltr'>unius</span> <span class='ocrx_word' id='word_1_241' title='bbox 999 2367 1172 2408; x_wconf 90' lang='lat' dir='ltr'>interim</span> <span class='ocrx_word' id='word_1_242' title='bbox 1203 2367 1441 2422; x_wconf 90' lang='lat' dir='ltr'>prophetae</span> <span class='ocrx_word' id='word_1_243' title='bbox 1472 2367 1675 2407; x_wconf 88' lang='lat' dir='ltr'>scrinium</span> 
     </span>
     <span class='ocr_line' id='line_1_31' title="bbox 143 2443 1740 2497; baseline 0.002 -15"><span class='ocrx_word' id='word_1_244' title='bbox 143 2443 320 2482; x_wconf 84' lang='lat' dir='ltr'>saeculis</span> <span class='ocrx_word' id='word_1_245' title='bbox 339 2443 485 2491; x_wconf 85' lang='lat' dir='ltr'>uincit,</span> <span class='ocrx_word' id='word_1_246' title='bbox 506 2444 548 2483; x_wconf 90' lang='lat' dir='ltr'>in</span> <span class='ocrx_word' id='word_1_247' title='bbox 567 2458 652 2497; x_wconf 86' lang='lat' dir='ltr'>quo</span> <span class='ocrx_word' id='word_1_248' title='bbox 673 2444 843 2484; x_wconf 88' lang='lat' dir='ltr'>uidetur</span> <span class='ocrx_word' id='word_1_249' title='bbox 860 2445 1089 2485; x_wconf 86' lang='lat' dir='ltr'>thesaurus</span> <span class='ocrx_word' id='word_1_250' title='bbox 1106 2445 1339 2485; x_wconf 85' lang='lat' dir='ltr'>collocatus</span> <span class='ocrx_word' id='word_1_251' title='bbox 1356 2445 1491 2485; x_wconf 87' lang='lat' dir='ltr'>totius</span> <span class='ocrx_word' id='word_1_252' title='bbox 1509 2445 1675 2485; x_wconf 84' lang='lat' dir='ltr'>Iudaici</span> <span class='ocrx_word' id='word_1_253' title='bbox 1695 2457 1740 2488; x_wconf 91' lang='lat'>30</span> 
     </span>
     <span class='ocr_line' id='line_1_32' title="bbox 142 2520 1674 2575; baseline 0.002 -17"><span class='ocrx_word' id='word_1_254' title='bbox 142 2520 400 2559; x_wconf 84' lang='lat' dir='ltr'>sacramenti</span> <span class='ocrx_word' id='word_1_255' title='bbox 446 2526 489 2560; x_wconf 91' lang='lat' dir='ltr'>et</span> <span class='ocrx_word' id='word_1_256' title='bbox 532 2520 631 2560; x_wconf 88' lang='lat' dir='ltr'>inde</span> <span class='ocrx_word' id='word_1_257' title='bbox 674 2520 761 2561; x_wconf 90' lang='lat' dir='ltr'>iam</span> <span class='ocrx_word' id='word_1_258' title='bbox 806 2521 954 2562; x_wconf 89' lang='lat' dir='ltr'>nostri.</span> <span class='ocrx_word' id='word_1_259' title='bbox 1015 2521 1058 2562; x_wconf 81' lang='lat' dir='ltr'>Si</span> <span class='ocrx_word' id='word_1_260' title='bbox 1103 2536 1232 2575; x_wconf 86' lang='lat' dir='ltr'>quem</span> <span class='ocrx_word' id='word_1_261' title='bbox 1277 2521 1458 2562; x_wconf 88' lang='lat' dir='ltr'>audistis</span> <span class='ocrx_word' id='word_1_262' title='bbox 1501 2521 1674 2561; x_wconf 86' lang='lat' dir='ltr'>interim</span> 
     </span>
     <span class='ocr_line' id='line_1_33' title="bbox 144 2595 1674 2653; baseline 0.003 -19"><span class='ocrx_word' id='word_1_263' title='bbox 144 2595 333 2649; x_wconf 67' lang='lat' dir='ltr'>Moysen,</span> <span class='ocrx_word' id='word_1_264' title='bbox 384 2597 542 2650; x_wconf 81' lang='lat' dir='ltr'>Argiuo</span> <span class='ocrx_word' id='word_1_265' title='bbox 592 2597 753 2638; x_wconf 86' lang='lat' dir='ltr'>Inacho</span> <span class='ocrx_word' id='word_1_266' title='bbox 802 2598 963 2652; x_wconf 87' lang='lat' dir='ltr'>pariter</span> <span class='ocrx_word' id='word_1_267' title='bbox 1010 2604 1156 2639; x_wconf 87' lang='lat' dir='ltr'>aetate</span> <span class='ocrx_word' id='word_1_268' title='bbox 1203 2604 1280 2640; x_wconf 90' lang='lat' dir='ltr'>est.</span> <span class='ocrx_word' id='word_1_269' title='bbox 1342 2598 1674 2653; x_wconf 83' lang='lat' dir='ltr'>Quadringentis</span> 
     </span>
     <span class='ocr_line' id='line_1_34' title="bbox 144 2672 1673 2729; baseline 0.004 -19"><span class='ocrx_word' id='word_1_270' title='bbox 144 2685 278 2724; x_wconf 87' lang='lat' dir='ltr'>paene</span> <span class='ocrx_word' id='word_1_271' title='bbox 306 2672 428 2712; x_wconf 85' lang='lat' dir='ltr'>annis</span> <span class='ocrx_word' id='word_1_272' title='bbox 459 2674 576 2723; x_wconf 88' lang='lat' dir='ltr'>(nam</span> <span class='ocrx_word' id='word_1_273' title='bbox 606 2679 648 2713; x_wconf 90' lang='lat' dir='ltr'>et</span> <span class='ocrx_word' id='word_1_274' title='bbox 676 2679 841 2727; x_wconf 87' lang='lat' dir='ltr'>septem</span> <span class='ocrx_word' id='word_1_275' title='bbox 870 2675 1027 2726; x_wconf 89' lang='lat' dir='ltr'>minus)</span> <span class='ocrx_word' id='word_1_276' title='bbox 1057 2675 1273 2725; x_wconf 83' lang='lat' dir='ltr'>Danaum,</span> <span class='ocrx_word' id='word_1_277' title='bbox 1305 2681 1348 2716; x_wconf 89' lang='lat' dir='ltr'>et</span> <span class='ocrx_word' id='word_1_278' title='bbox 1374 2675 1516 2729; x_wconf 90' lang='lat' dir='ltr'>ipsum</span> <span class='ocrx_word' id='word_1_279' title='bbox 1555 2676 1673 2729; x_wconf 89' lang='lat' dir='ltr'>apud</span> 
     </span>
     <span class='ocr_line' id='line_1_35' title="bbox 140 2748 1672 2803; baseline 0.005 -17"><span class='ocrx_word' id='word_1_280' title='bbox 140 2761 218 2787; x_wconf 90' lang='lat' dir='ltr'>uos</span> <span class='ocrx_word' id='word_1_281' title='bbox 260 2748 615 2795; x_wconf 78' lang='lat' dir='ltr'>uetustissimum,</span> <span class='ocrx_word' id='word_1_282' title='bbox 660 2751 896 2803; x_wconf 87' lang='lat' dir='ltr'>praeuenit,</span> <span class='ocrx_word' id='word_1_283' title='bbox 941 2751 1055 2791; x_wconf 90' lang='lat' dir='ltr'>mille</span> <span class='ocrx_word' id='word_1_284' title='bbox 1097 2752 1264 2793; x_wconf 87' lang='lat' dir='ltr'>circiter</span> <span class='ocrx_word' id='word_1_285' title='bbox 1305 2753 1470 2793; x_wconf 88' lang='lat' dir='ltr'>cladem</span> <span class='ocrx_word' id='word_1_286' title='bbox 1512 2752 1672 2794; x_wconf 85' lang='lat' dir='ltr'>Priami</span> 
     </span>
    </p>
   </div>
  </div>
 </body>
</html>
