1827 3004
51 116 94 158 p.
123 100 250 142 1441.
276 100 348 151 32]
560 94 997 138 APOLOGETICVS
1031 97 1084 135 50
1504 90 1583 130 481

55 220 262 270 auyeatur
302 227 368 254 res
403 212 541 266 mayis
581 217 618 252 et
659 216 804 252 contra
844 223 981 250 omnes
1021 208 1162 248 minas
1202 212 1323 260 atque
1363 203 1588 245 interdicta

43 283 339 341 formidinum
360 281 591 323 animosius
614 280 800 334 populus
822 278 1033 320 obnitatur
1054 282 1091 318 et
1112 276 1168 317 ad
1189 274 1383 317 credendi
1403 273 1590 314 studium

50 351 348 409 prohibitionis
377 350 513 405 ipsius
543 349 729 390 stimulis
760 348 969 389 est-citetur.
1030 346 1085 388 ib.
1113 345 1164 386 77
1192 346 1276 385 ista
1301 358 1427 398 quam
1449 341 1590 383 dicitis

54 421 355 479 persecutionis
372 420 592 474 asperitas,
607 418 799 459 liberatio
816 423 960 458 nostra
977 422 1044 463 est,
1065 430 1143 456 non
1160 414 1402 469 persecutio.
1436 411 1589 452 lustin.

58 492 180 547 Apol.
204 502 239 531 11
264 491 317 530 10
338 504 378 544 p.
395 490 469 530 49²
491 487 610 528 Otto.
665 489 716 526 12
740 501 778 540 p.
798 488 880 526 50³.
932 486 986 526 ib.
1011 485 1120 526 Dial.
1143 499 1174 525 c.
1198 483 1354 538 Tryph.
1381 484 1461 522 110
1485 482 1591 521 Otto
1612 493 1631 524 5

58 563 150 604 adl.
166 576 204 617 p.
221 558 330 602 337¹>
347 555 777 614 κεφαλοτομούμενοι
795 555 879 611 γὰρ
898 555 970 596 καὶ
994 553 1310 609 σταυρούμενοι
1333 553 1406 594 καὶ
1430 550 1590 605 θηρίοις

59 626 459 686 παραβαλλόμενοι
488 626 562 667 καὶ
593 625 768 676 δεσμοῖς
795 625 866 666 καὶ
894 624 1000 678 πυρὶ
1027 625 1099 665 καὶ
1123 624 1290 666 πάσαις
1313 625 1406 666 ταῖς
1433 620 1593 664 ἄλλαις

62 698 280 751 βασάνοις
322 696 390 738 ὅτι
433 695 511 737 οὐκ
553 692 842 748 ἀφιστάμεθα
884 697 960 744 τῆς
1003 691 1247 746 ὁμολοὙίας,
1289 689 1419 742 δῆλον
1460 690 1592 737 ἐστιν,

61 767 177 816 ἀλλ’,
200 766 375 821 ὅσῳπερ
403 764 456 805 ἂν
482 764 666 805 τοιαῦτά
700 779 797 802 τινα
825 759 1010 814 Ὑίνηται,
1041 760 1236 815 τοσούτῳ
1262 762 1434 811 μᾶλλον
1462 757 1593 798 ἄλλοι

61 835 259 880 πλείονες
300 832 456 876 πιστοὶ
493 832 565 874 καὶ
609 831 833 881 θεοσεβεῖς
873 829 944 871 διὰ
975 833 1051 871 τοῦ
1082 828 1292 881 ὀνόματος
1329 829 1404 868 τοῦ
1448 825 1595 876 Ἰησοῦ
1617 841 1658 864 10

61 904 270 959 Γγίνονται.
337 901 488 945 ὁποῖον
511 901 586 943 ἐαν
606 900 811 953 ἀμπέλου
837 916 900 942 τις
928 898 1083 951 ἐκτέμῃ
1107 898 1162 939 τὰ
1190 895 1596 951 καρποφορήσαντα

66 975 184 1030 μέρη,
219 973 278 1018 εἰς
310 971 358 1014 τὸ
391 971 746 1023 ἀναβλαστῆσαι
775 968 945 1024 ἑτέρους
975 967 1160 1012 κλάδους
1193 966 1264 1008 καὶ
1296 965 1490 1009 εὐθαλεῖς
1524 963 1596 1005 καὶ

63 1041 372 1099 καρποφόρους
394 1039 646 1088 ἀναδίδωσι,
663 1038 738 1080 τὸν
760 1037 894 1080 αὐτὸν
916 1036 1079 1090 τρόπον
1102 1037 1173 1078 καὶ
1197 1034 1262 1090 ἐφ’
1280 1036 1398 1087 ἡμῶν
1419 1033 1597 1087 Ὑίνεται.

65 1114 140 1168 Ep.
178 1113 233 1153 ad
273 1111 474 1167 Diognet.
515 1109 536 1150 7
574 1109 646 1150 fin.
690 1108 773 1164 οὐχ
813 1106 916 1163 ὁρᾷς
958 1107 1048 1161 ὅσῳ
1086 1104 1284 1149 πλείονες
1326 1105 1596 1154 κολάζονται,

64 1179 260 1235 τοσούτῳ
297 1180 620 1232 πλεονάζοντας
658 1176 834 1221 ἄλλους.
907 1175 963 1216 ib.
1002 1178 1026 1216 6
1062 1176 1086 1216 f.
1124 1174 1383 1230 Χριστιανοὶ
1421 1170 1597 1222 κολαζὸ-
1620 1190 1661 1222 15

63 1268 185 1305 μενοι
216 1249 313 1291 καθ’
346 1249 510 1303 ἡμέραν
541 1245 836 1296 πλεονάζουσι
877 1246 1063 1297 μᾶλλον.
1138 1242 1332 1283 Lactant.
1366 1253 1395 1281 V
1435 1244 1486 1281 13
1517 1239 1598 1296 §5

68 1322 120 1361 19
152 1317 217 1375 §9
250 1318 431 1373 (quoted
462 1317 617 1368 above)
649 1320 828 1369 auyetur
859 1313 1008 1367 religio
1040 1313 1118 1361 dei,
1150 1317 1302 1367 quanto
1333 1311 1471 1364 mayis
1502 1324 1599 1364 pre-

66 1388 207 1429 mitur.
282 1385 377 1442 §22
424 1384 687 1441 defendenda
733 1382 840 1424 enim
879 1381 1027 1434 religio
1065 1386 1122 1421 est
1154 1395 1234 1421 non
1271 1379 1488 1421 occidendo
1529 1378 1600 1419 sed

68 1456 292 1498 moriendo.
352 1455 464 1509 Aug.
498 1454 563 1495 De
596 1452 690 1494 Ciu.
723 1451 806 1492 Dei
844 1461 878 1491 ΙΙ
917 1451 970 1491 29
1004 1464 1041 1505 p.
1075 1451 1127 1490 95
1166 1450 1189 1490 l.
1221 1451 1274 1489 22
1304 1448 1373 1489 D.3
1410 1448 1510 1488 calls
1547 1462 1599 1487 on

68 1526 142 1567 the
180 1524 388 1581 offspring
423 1524 470 1564 of
507 1523 581 1564 the
619 1520 786 1577 Scipios
823 1519 904 1560 and
944 1518 1153 1559 Fabricii:
1191 1519 1480 1573 eoepergsiscere,
1513 1517 1601 1558 dies
1619 1533 1665 1556 20

66 1601 136 1644 est,
168 1595 275 1636 sicut
307 1599 545 1648 eatperrecta
578 1607 618 1633 es
649 1592 695 1632 in
726 1589 989 1645 quibusdam,
1023 1589 1073 1629 de
1110 1603 1283 1642 quorum
1326 1588 1477 1627 uirtute
1505 1601 1599 1640 per-

55 1663 178 1718 fecta
209 1669 247 1704 et
275 1677 353 1717 pro
382 1662 473 1716 fide
505 1675 604 1701 uera
633 1660 760 1701 etiam
787 1657 1058 1712 passionibus
1086 1657 1336 1710 yloriamur,
1359 1656 1430 1709 qui
1462 1669 1600 1708 usque-

66 1746 227 1787 quaque
249 1732 453 1772 aduersus
476 1735 699 1784 potestates
719 1727 1037 1768 inimicissimas
1059 1741 1127 1767 con
1124 1726 1317 1780 fliyentes
1338 1738 1483 1778 easque
1503 1724 1600 1778 for-

68 1802 165 1842 titer
194 1799 407 1841 moriendo
428 1798 637 1839 uincentes
669 1797 889 1850 ‘sanquine
919 1795 1032 1836 nobis
1057 1795 1163 1835 lianc
1187 1794 1380 1848 patriam
1406 1807 1602 1847 peperere

66 1869 163 1910 suo.’
226 1869 303 1924 Ep.
332 1870 378 1921 (3
392 1868 450 1920 =)
479 1866 558 1908 137
591 1864 610 1921 ξ
638 1868 689 1907 16
722 1865 997 1914 (Christiani)
1028 1865 1138 1904 inter
1168 1862 1357 1903 inimicos
1387 1867 1602 1915 augyentur,
1622 1883 1664 1914 25

61 1937 418 1993 persecutionibus
458 1942 654 1984 crescunt,
690 1950 771 1990 per
813 1935 1106 1988 adflictionum
1140 1932 1358 1986 czzcyustias
1397 1945 1522 1984 usque
1557 1930 1601 1970 in

66 2014 281 2049 terrarum
317 2012 499 2047 extrema
538 2005 788 2046 dilatantur.
863 2003 980 2058 Orig.
1016 2002 1160 2044 Contr.
1196 2000 1303 2041 Cels.
1342 2011 1409 2039 VH
1445 2002 1496 2040 26
1531 1999 1600 2040 fin.

69 2077 208 2118 Rufin.
246 2075 359 2117 Hist.
397 2076 505 2116 Eccl.
543 2086 594 2115 IX
632 2077 655 2116 9
694 2090 730 2129 p.
768 2076 850 2115 528
886 2089 939 2114 m.
1014 2072 1100 2112 Leo
1138 2071 1272 2112 Serm.
1312 2072 1331 2109 1
1372 2069 1436 2109 De
1476 2069 1600 2109 Petro

68 2153 112 2188 ets
155 2145 298 2186 Paulo.
379 2145 521 2198 [=82
583 2158 614 2184 c.
659 2145 695 2192 6,
748 2142 906 2197 Migne,
950 2142 992 2181 P.
1027 2141 1070 2181 L.
1124 2151 1201 2180 LIV
1253 2136 1384 2179 426³b.
1466 2138 1514 2177 A.
1538 2136 1596 2190 S]

68 2215 136 2256 Ad
184 2214 305 2269 Scap.
350 2217 370 2254 1
419 2228 513 2255 cum
558 2214 671 2254 omni
718 2213 899 2254 saeuitia
950 2217 1087 2252 uestra
1133 2214 1426 2253 concertamus,
1474 2208 1600 2247 etiam
1619 2224 1664 2255 30

70 2285 180 2326 ultro
217 2289 488 2337 erumpentes,
520 2283 734 2337 mayisque
771 2282 966 2322 damnati
996 2295 1122 2335 quctm
1153 2278 1329 2319 absoluti
1357 2277 1598 2331 yaudemus.

67 2354 122 2395 ib.
160 2355 199 2395 4.
270 2353 325 2395 ib.
369 2355 392 2393 5
434 2352 505 2394 fin.
548 2367 616 2393 nec
657 2358 793 2393 tamen
837 2351 997 2405 deficiet
1037 2349 1135 2390 haec
1174 2354 1294 2394 secta,
1336 2361 1461 2401 quam
1504 2351 1599 2387 tunc

70 2422 205 2476 magis
255 2420 478 2475 aedificari
527 2421 649 2469 scias,
698 2435 791 2461 cum
842 2419 961 2461 caedi
1010 2417 1184 2458 videtur.
1265 2419 1438 2470 quisque
1487 2414 1596 2455 enim

66 2496 230 2532 tantam
266 2489 537 2531 tolerantiam
571 2495 772 2544 spectans,
806 2494 851 2529 ut
884 2488 1025 2541 aliquo
1061 2485 1257 2540 scrupulo
1293 2497 1525 2538 percussus,
1561 2489 1598 2524 et

66 2559 280 2613 inquirere
330 2557 582 2606 accenditur,
623 2557 726 2611 quid
775 2557 830 2597 sit
874 2555 919 2595 in
970 2568 1110 2602 causa,
1157 2559 1194 2594 et
1243 2551 1314 2593 ubi
1364 2551 1598 2605 coynouerit
1617 2561 1661 2594 35

68 2627 288 2668 ueritatem
318 2632 356 2667 et
386 2626 476 2680 ipse
504 2626 650 2667 statim
684 2625 882 2679 sequitur.
957 2623 1066 2663 Bibl.
1105 2621 1215 2661 Max.
1254 2620 1365 2661 Patr.
1398 2631 1464 2659 vn
1497 2619 1595 2660 7380

70 2701 277 2750 martyres
324 2694 538 2736 moriendo
584 2695 766 2735 uincunt.
846 2693 894 2733 cf.
938 2691 1109 2731 Lucifer
1150 2689 1285 2731 Calar.
1326 2687 1597 2729 Moriendum

68 2779 160 2805 esse
201 2778 276 2819 pro
317 2763 399 2804 Dei
440 2762 551 2803 Filio
593 2761 725 2814 (Bibl.
760 2761 871 2801 Max.
913 2772 960 2800 lv
996 2756 1127 2800 2420d.
1202 2757 1263 2797 La
1309 2756 1447 2798 Corda
1492 2756 1600 2799 cites

176 2860 217 2886 M.
239 2860 272 2886 Τ.
1439 2842 1483 2878 31
