1827 3004
157 87 206 125 18
719 72 1115 117 TERTVLLIANI

157 204 290 247 erant,
324 209 531 237 consensu
562 200 708 234 tamen
739 189 910 244 publico
941 186 1172 228 crudelitas
1202 189 1353 239 postea
1383 195 1504 222 erasa
1534 185 1612 229 est,
1644 178 1689 220 in

157 284 331 338 pudoris
356 286 505 321 notam
531 277 685 332 capit-is
710 289 848 330 poena
874 285 1080 313 conuersa
1107 276 1184 311 est.
1245 269 1466 309 Bonorum
1492 265 1690 307 adhibita

159 368 411 423 proscriptio
473 362 718 405 suffundere
781 359 935 399 maluit
997 356 1181 397 hominis
1243 353 1496 408 sanguinem
1558 364 1691 405 quam

160 453 388 494 effundere.
450 450 565 499 Quot
597 448 738 488 adhuc
770 444 893 485 uobis
925 441 1221 496 repurgandae
1253 440 1393 480 latent
1424 438 1548 492 leges,
1584 449 1693 490 quas

160 552 297 592 neque
312 549 522 577 annorum
538 545 741 573 numerus
755 543 893 583 neque
909 527 1182 568 conditorum
1197 524 1385 579 dignitas
1400 521 1690 570 commendat,
1712 535 1732 566 5

160 625 234 665 sed
259 622 455 676 aequitas
479 620 595 660 sola?
625 623 669 658 et
692 616 787 657 ideo
813 629 911 654 cum
936 613 1109 666 iniquae
1134 614 1511 665 recognoscuntur,
1539 607 1693 647 merito

161 710 436 755 damnantur,
454 706 553 746 licet
569 704 790 744 damnent.
846 698 1071 748 Quomodo
1088 697 1259 750 iniquas
1275 695 1483 735 dicimus?
1537 693 1691 741 Immo,

161 795 195 836 si
228 807 384 834 nomen
416 791 616 845 puniunt,
652 788 783 828 etiam
816 785 995 826 stultas:
1046 783 1080 823 si
1112 796 1214 822 uero
1248 781 1377 829 facta,
1414 794 1488 820 cur
1520 779 1573 819 de
1606 778 1694 819 solo

162 879 334 920 nomine
356 877 544 931 puniunt
566 874 695 922 sacta,
721 886 831 926 quae
853 871 897 911 in
921 870 1013 910 aliis
1036 868 1089 908 de
1112 867 1312 917 admisso,
1338 880 1425 906 non
1447 865 1500 905 de
1522 864 1695 905 nomine

163 965 345 1019 probata
360 961 625 1003 defendunt?
678 959 875 999 Incestus
890 970 998 1004 sum⁷
1016 968 1090 994 cur
1104 968 1191 994 non
1205 952 1457 1006 requirunt?
1509 950 1695 991 Infanti-
1718 968 1762 990 10

164 1051 272 1091 cidia
301 1064 374 1090 cur
402 1062 488 1089 non
517 1045 803 1099 extorquent?
866 1043 918 1082 In
947 1041 1061 1090 deos,
1090 1040 1135 1080 in
1164 1039 1364 1080 Caesares
1392 1036 1555 1091 aliquid
1584 1050 1696 1076 com-

164 1136 303 1183 mitto,
329 1148 402 1174 cur
422 1146 509 1173 non
530 1130 681 1171 audior
709 1128 783 1183 qui
810 1126 948 1167 habeo
975 1140 1060 1179 quo
1089 1124 1270 1179 purger?
1334 1122 1463 1162 Nulla
1484 1121 1553 1161 lex
1574 1125 1699 1160 uetat

163 1221 319 1261 discuti
340 1218 455 1273 quod
476 1216 676 1272 prohibet
695 1212 883 1261 admitti,
906 1211 1006 1266 quia
1026 1223 1166 1264 neque
1184 1208 1315 1249 iudex
1333 1208 1446 1248 iuste
1466 1206 1696 1254 ulciscitur,

163 1306 242 1346 nisi
286 1308 515 1358 cognoscat
557 1300 793 1341 admissum
836 1311 925 1338 esse
969 1295 1085 1350 quod
1127 1309 1215 1334 non
1256 1294 1368 1342 licet,
1413 1305 1552 1346 neque
1595 1290 1700 1331 ciuis

164 1391 346 1431 fideliter
372 1389 452 1443 legi
480 1386 732 1440 obsequitur
758 1384 960 1438 ignorans
988 1380 1114 1434 quale
1141 1379 1198 1419 sit
1226 1378 1343 1432 quod
1370 1377 1590 1417 ulciscitur
1616 1376 1697 1416 lex.
1723 1392 1765 1423 15

165 1476 294 1517 Nulla
323 1475 391 1515 lex
421 1473 500 1514 sibi
529 1468 940 1513 soliconscientiam
967 1465 1160 1507 iustitiae
1187 1477 1290 1505 suae
1317 1463 1459 1511 debet,
1490 1462 1565 1503 sed
1590 1461 1648 1502 eis
1677 1476 1700 1501 a

165 1556 324 1610 quibus
357 1553 611 1607 obsequium
646 1554 861 1604 expectat.
923 1548 1122 1588 Ceterum
1156 1549 1356 1598 suspecta
1390 1544 1459 1584 lex
1493 1548 1558 1583 est
1592 1556 1702 1596 quae

167 1636 337 1690 probari
362 1648 405 1674 se
428 1647 515 1674 non
538 1632 645 1681 uult,
671 1629 853 1684 inproba
877 1633 1038 1676 autem,
1064 1627 1098 1667 si
1121 1640 1209 1666 non
1232 1625 1416 1679 probata
1441 1624 1700 1664 dominetur.

251 1777 293 1817 5.
352 1775 414 1815 Ut
457 1774 509 1814 de
553 1773 714 1827 origine
757 1769 921 1824 aliquid
964 1772 1250 1808 retractemus
1293 1765 1503 1806 eiusmodi
1546 1765 1701 1818 legum,

169 1862 295 1896 uetus
322 1860 415 1894 erat
441 1853 674 1901 decretum,
704 1865 757 1891 ne
784 1850 857 1904 qui
884 1849 989 1889 deus
1016 1848 1070 1888 ab
1098 1847 1358 1901 imperatore
1385 1849 1706 1885 consecraretur
1726 1859 1770 1881 20

169 1936 249 1975 nisi
275 1949 298 1975 a
323 1938 477 1975 senatu
500 1932 722 1987 probatus.
783 1930 873 1971 Scit
897 1929 952 1969 Μ.
980 1927 1187 1968 Aemilius
1211 1926 1264 1966 de
1288 1925 1368 1966 deo
1394 1940 1470 1965 suo
1496 1924 1702 1965 Alburno.

170 2018 295 2058 Facit
324 2022 366 2057 et
396 2016 475 2055 hoc
504 2013 559 2054 ad
589 2026 763 2052 causam
792 2015 1000 2057 nostram,
1033 2006 1149 2061 quod
1179 2005 1297 2060 apud
1326 2018 1403 2045 uos
1433 2004 1486 2044 de
1515 2004 1706 2044 humano

171 2096 386 2136 arbitratu
428 2093 634 2134 diuinitas
675 2090 931 2144 pensitatur.
992 2087 1085 2127 Nisi
1128 2085 1291 2126 homini
1333 2084 1439 2124 deus
1481 2083 1704 2138 placuerit,

173 2176 277 2215 deus
300 2189 385 2214 non
409 2173 510 2221 erit3
551 2172 679 2212 homo
701 2170 788 2210 iam
812 2169 891 2209 deo
915 2166 1128 2222 propitius
1152 2179 1240 2205 esse
1263 2164 1452 2205 debebit.
1514 2163 1707 2204 Tiberius

175 2270 284 2307 ergo.
314 2254 433 2293 cuius
459 2257 652 2305 tempore
677 2263 835 2290 nomen
862 2247 1153 2288 Christianum
1180 2245 1223 2285 in
1250 2244 1469 2285 saeculum
1494 2243 1706 2292 introiuit,
1729 2257 1772 2288 25

176 2334 435 2374 adnuntiata
460 2331 539 2372 sibi
565 2345 616 2370 ex
641 2329 764 2383 Syria
789 2327 1048 2375 Palaestina,
1076 2339 1187 2379 quae
1211 2325 1295 2364 illic
1319 2324 1551 2364 ueritatem
1575 2323 1709 2377 ipsius

178 2412 419 2453 diuinitatis
446 2411 756 2457 reuelauerant,
782 2407 940 2448 detulit
967 2406 1022 2446 ad
1050 2410 1250 2446 senatum
1279 2418 1377 2444 011111
1408 2403 1710 2457 praerogatiua

179 2491 367 2545 suffragii
413 2490 490 2530 sui.
550 2489 746 2536 Senatus,
795 2486 896 2540 quia
942 2499 1029 2525 non
1073 2485 1164 2538 ipse.
1209 2483 1484 2538 probauerat‚
1532 2481 1709 2535 respuit,

181 2572 332 2611 Caesar
348 2570 391 2609 in
408 2568 622 2609 sententia
638 2567 810 2615 mansit,
830 2565 1119 2606 comminatus
1136 2563 1372 2617 periculum
1389 2552 1713 2602 accusatoribus

181 2649 532 2689 Christianorum.
593 2646 810 2687 Consulite
832 2643 1164 2685 commentarios
1186 2648 1365 2691 uestros,
1389 2642 1473 2682 illic
1494 2640 1713 2695 reperietis
1734 2657 1780 2689 30

182 2730 368 2783 primum
387 2728 600 2768 Neronem
618 2727 661 2766 in
682 2727 793 2766 hanc
811 2731 974 2766 sectam
994 2738 1091 2763 cum
1111 2723 1299 2763 maxime
1318 2722 1485 2762 Romae
1504 2721 1714 2762 orientem
