1827 3004
114 92 156 133 p.
186 83 265 121 112
286 80 313 121 1.
342 81 406 132 16]
626 81 1063 124 APOLooETIOVS
1096 84 1148 123 39
1567 78 1643 118 391

117 197 350 239 carceribus
370 203 465 238 sunt
489 198 578 238 siue
605 199 762 239 eoeclusi
787 199 837 240 de
863 199 1026 240 sedibus
1053 200 1140 240 suis
1170 198 1308 252 utique
1334 195 1481 237 habere
1507 192 1648 235 debent

117 266 189 320 qui
229 266 287 307 eis
328 266 592 306 ministrent:
637 266 707 306 sed
748 273 784 308 et
825 268 1072 309 catecumini
1113 266 1362 321 adprehensi
1401 262 1649 318 infirmitate

117 334 275 389 decepti
296 349 378 375 esse
401 349 478 375 non
502 334 708 383 debebunt,
734 340 775 374 ut
796 336 854 375 eis
873 336 1153 376 swbueniutur.
1217 341 1253 376 et
1280 333 1387 388 quod
1414 331 1646 372 marimum

117 409 184 451 est,
207 417 383 456 corpora
410 408 650 456 martyrum
678 409 752 443 aut
780 410 1005 444 ceterorum
1033 404 1071 444 si
1102 419 1179 443 non
1200 403 1467 457 sepeliantur,
1487 398 1648 454 munde

111 473 350 526 periculum
385 472 575 512 imminet
605 472 663 512 eis
704 472 852 526 quibus
888 472 1086 512 incumbit
1117 472 1189 513 hoc
1221 487 1331 526 opus.
1393 484 1455 524 ep.
1491 472 1542 509 12
1573 466 1593 523 ἓ
1625 470 1645 507 1

118 541 358 596 corporibus
395 542 522 582 etiam
563 541 761 590 omnium,
798 542 871 595 qui
905 542 982 582 etsi
1017 542 1115 582 torti
1150 557 1225 582 non
1269 547 1374 588 sunt,
1406 541 1448 579 in
1488 552 1649 579 carcere

118 615 257 650 tamen·
300 609 480 663 ylorioso
532 610 643 650 exitu
694 610 842 650 mortis
888 609 1093 657 ercedunt,
1136 610 1405 663 impertiatur
1455 613 1491 648 et
1542 606 1649 660 uiyi-

120 679 256 720 tantia
292 685 329 720 et
364 694 467 720 cura
502 679 762 733 propensior.
830 678 1044 733 Bingham
1083 690 1203 719 XXIII
1246 681 1283 728 3,
1321 678 1356 718 7.
1418 677 1649 717 Neumann

118 758 132 787 Ι
168 749 245 787 111
281 762 339 802 sq.

206 828 367 857 PVERIS
400 827 456 856 AC
489 827 676 857 PVELLIS
712 816 897 872 orphans
934 817 1090 872 taught
1126 832 1151 857 a
1187 816 1307 857 trade
1338 816 1421 856 and
1453 814 1649 870 supplied

118 885 223 926 with
255 886 363 926 tools
392 885 557 938 (Const.
581 886 728 941 Apost.
753 897 802 926 IV
826 888 882 939 2),
903 892 990 934 not,
1018 901 1063 926 as
1086 885 1255 927 Gibbon
1282 885 1383 933 said,
1407 883 1650 938 foundlings

118 955 274 1007 (Blunt
293 954 493 1008 332—·7).
555 955 646 996 The
668 955 868 996 childless
890 962 934 996 to
957 955 1088 1010 adopt
1110 955 1293 1010 orphans
1314 953 1478 1005 (Const.
1502 953 1651 1007 Apost.

118 1036 167 1065 IV
202 1026 255 1077 I).
318 1024 528 1080 Orpheus,
559 1025 680 1065 Zahn
711 1024 747 1065 F
750 1025 1014 1080 orschungen
1048 1040 1122 1065 zur
1144 1024 1292 1065 Gesch.
1322 1024 1396 1064 des
1427 1022 1651 1062 NTlichen

119 1093 296 1134 Kanons
318 1105 348 1133 V
371 1093 463 1134 227.
533 1094 736 1134 Harnaek
759 1108 813 1134 on
836 1094 982 1134 Herm.
1008 1093 1148 1133 Mand.
1172 1104 1258 1133 VIII
1284 1095 1336 1133 10
1358 1107 1426 1147 pp.
1451 1092 1630 1131 100—1.

204 1177 243 1218 p.
269 1164 350 1202 112
384 1162 407 1202 l.
433 1164 484 1202 15
520 1173 803 1202 PARENTIBVS
835 1162 882 1203 ef.
907 1162 1142 1202 Hennecke
1172 1160 1383 1201 Aristides
1414 1159 1498 1200 ind.
1521 1158 1650 1215 χήρα.

204 1246 243 1287 p.
267 1233 348 1271 112
381 1231 403 1271 l.
430 1233 482 1272 16
510 1231 579 1271 Ad
602 1231 726 1272 Mart.
752 1234 772 1271 1
798 1230 891 1272 init.
914 1232 1023 1272 inter
1051 1231 1192 1272 carnis
1220 1231 1432 1279 alimenta,
1455 1228 1653 1269 benedicti

117 1306 329 1354 martyres
369 1300 588 1355 desigynati,
629 1315 733 1354 quae
774 1300 889 1341 uobis
930 1306 966 1341 et
1006 1300 1179 1341 (lomina
1220 1305 1354 1340 mater
1394 1297 1561 1339 ecclesia
1602 1296 1651 1338 de

117 1369 311 1410 uberibus
357 1369 445 1409 suis
485 1374 522 1410 et
568 1368 729 1422 sinyuli
758 1368 927 1423 fratres
967 1368 1016 1409 de
1058 1367 1201 1422 opibus
1250 1367 1338 1408 suis
1376 1365 1566 1420 propriis
1605 1364 1650 1405 in

119 1455 327 1482 carcerem
363 1439 694 1487 subministrant,
728 1440 861 1494 capite
898 1439 1063 1493 aliquid
1094 1444 1131 1480 et
1163 1453 1190 1478 a
1226 1437 1338 1478 nobis
1374 1436 1481 1491 quod
1506 1434 1651 1490 faciat

119 1510 176 1551 acl
216 1510 415 1564 slzn'ritum
455 1523 614 1563 quoque
654 1508 927 1550 educandum.
1004 1508 1058 1549 ib.
1103 1509 1126 1548 2
1168 1507 1304 1562 ipsam
1347 1505 1517 1547 interim
1558 1519 1648 1545 con-

118 1579 397 1620 uersationem
438 1578 597 1620 saeculi
637 1584 674 1619 et
715 1578 897 1619 carceris
935 1592 1233 1632 comparemus,
1274 1576 1312 1617 si
1352 1590 1431 1616 non
1466 1574 1566 1628 plus
1605 1573 1651 1613 in

117 1663 282 1690 carcere
321 1647 499 1702 spiritus
540 1648 737 1702 acquirit,
781 1662 909 1702 quam
950 1662 1047 1688 caro
1089 1646 1269 1687 amittit:
1310 1645 1435 1685 immo
1472 1649 1508 1684 et
1548 1656 1652 1696 quae

116 1718 229 1758 iusta
269 1723 364 1758 sunt
409 1731 505 1758 caro
547 1732 627 1757 non
669 1717 825 1757 amittit
864 1730 944 1770 per
992 1730 1138 1756 curam
1179 1714 1370 1756 ecclesiae
1410 1718 1446 1754 et
1489 1724 1652 1766 ayapen

107 1786 317 1842 fratrum,
355 1791 391 1827 et
431 1786 603 1840 insuper
639 1800 743 1840 (succe
783 1799 945 1839 semper
982 1784 1108 1826 utilia
1139 1783 1258 1838 fidei,
1293 1782 1469 1837 spiritus
1509 1778 1650 1833 adipi-

115 1855 256 1896 scitur.
317 1854 383 1895 De
420 1853 555 1894 Ieiun.
595 1852 647 1894 12
684 1868 722 1908 p.
761 1855 844 1894 200
888 1853 910 1893 l.
949 1852 1000 1893 27
1048 1852 1170 1893 Wiss.
1211 1852 1338 1905 plane
1373 1855 1557 1891 uestrum
1593 1853 1651 1889 est

117 1924 162 1964 in
211 1923 447 1965 carceribus
487 1923 672 1978 popinas
712 1922 897 1964 eoehibere
937 1921 1198 1976 martyribus
1237 1919 1417 1967 incertis,
1461 1932 1507 1957 ne
1558 1931 1648 1957 con-

119 1993 379 2034 suetudinem
421 2001 636 2047 quaerant,
678 2007 727 2033 ne
767 1992 931 2033 taedeat
971 1991 1096 2039 uitae,
1138 2005 1187 2031 ne
1229 2004 1337 2030 noua
1378 1985 1651 2028 abstinentiae

119 2062 350 2116 disciplina
390 2061 742 2103 scandalizentur.
818 2060 946 2115 Story
982 2060 1029 2100 of
1064 2058 1277 2099 Pristinus
1318 2056 1410 2096 who
1450 2052 1650 2095 recanted

119 2147 173 2172 on
205 2132 279 2172 the
310 2131 403 2171 first
430 2130 692 2186 application
719 2130 766 2170 of
791 2136 968 2178 tortum,
992 2128 1152 2183 having
1182 2128 1291 2167 been
1321 2123 1481 2181 gorged
1508 2123 1649 2163 before

118 2200 223 2241 with
246 2207 362 2240 meat
383 2199 468 2240 and
490 2199 610 2240 wine.
672 2198 825 2240 Iulian.
856 2198 1106 2252 Misopogon
1136 2197 1238 2236 363ει
1258 2193 1391 2247 (cited
1419 2206 1471 2231 on
1501 2206 1538 2246 p.
1568 2191 1649 2230 112

82 2269 90 2279 '
118 2269 142 2309 1.
176 2270 232 2316 9).
293 2268 440 2323 fragm.
485 2282 548 2323 ep.
592 2282 630 2322 p.
673 2265 793 2308 305bc
834 2266 1049 2318 (Hercher
1091 2276 1105 2304 Ι
1148 2265 1227 2305 391
1275 2264 1327 2302 13
1378 2262 1457 2315 sq.)
1505 2257 1650 2310 ἐπειδὴ

119 2336 204 2393 ’γὰρ
235 2336 353 2389 οἶμαι
382 2335 550 2387 συνέβη
579 2335 678 2380 τοὺς
705 2334 895 2386 πένητας
923 2331 1182 2386 ἀμελεῖσθαι
1209 2326 1542 2385 παρορωμένους
1571 2325 1651 2367 ὑπὸ

120 2409 206 2448 τῶν
250 2405 405 2461 ἱερέων,
440 2405 482 2446 οἱ
517 2404 751 2454 δυσσεβεῖς
795 2405 1030 2445 Γαλιλαῖοι
1067 2399 1412 2451 κατανοήσαντες
1449 2395 1652 2437 ἐπέθεντο

120 2474 259 2529 ταύτῃ
291 2475 343 2528 τῇ
376 2473 703 2529 φιλανθρωπίᾳ,
737 2473 809 2513 καὶ
842 2472 890 2513 τὸ
922 2469 1148 2527 χείριστον
1183 2471 1268 2510 τῶν
1305 2467 1442 2522 ἕρὙων
1474 2464 1543 2507 διὰ
1577 2467 1653 2506 τοῦ

121 2544 349 2587 δοκοῦντος
381 2545 467 2584 τῶν
503 2541 860 2593 ἐπιτηδευμάτων
905 2540 1151 2591 ἐκράτυναν.
1213 2551 1276 2591 ep.
1305 2537 1359 2577 49
1387 2549 1426 2590 p.
1454 2531 1559 2574 429⁶
1590 2547 1652 2573 re-

119 2612 399 2655 commended
451 2613 512 2652 for
562 2611 781 2652 imitation
829 2610 902 2650 the
951 2604 1264 2663 φιλανθρωπία
1311 2605 1357 2645 of
1402 2603 1653 2645 Christians.

121 2683 242 2738 Kaye
287 2683 379 2723 132.
460 2681 695 2722 Neumann
744 2691 758 2719 Ι
813 2680 895 2719 230
943 2680 967 2718 3
1013 2679 1049 2717 4.
1133 2673 1352 2716 Christian
1403 2671 1656 2727 hospitality

122 2751 358 2792 Hennecke
402 2748 616 2790 Aristides
657 2747 742 2788 ind.
782 2745 908 2798 ξένος.
984 2744 1103 2784 Zahn
1146 2742 1449 2796 Forschungen
1492 2751 1520 2780 V
1562 2741 1656 2781 301.

1670 827 1710 851 10

1670 1170 1711 1202 15

1669 1517 1713 1539 20

1670 1858 1712 1890 25

1671 2201 1714 2232 30

1675 2547 1716 2579 35
