1827 3004
98 75 173 112 120
662 70 1059 111 TERTVLLIANI

93 186 342 239 discipliuae
386 185 441 224 ad
485 184 756 224 innocentiae
802 183 1044 223 ueritatem.
1107 183 1247 223 Tanta
1292 188 1357 223 est
1400 183 1631 236 prudentia

94 254 277 293 hominis
325 254 380 293 ad
429 252 815 293 demonstrandum
864 251 1028 291 bonum
1077 257 1242 305 quanta
1290 252 1527 291 auctoritas
1575 252 1631 292 ad

94 322 373 374 cxigendumg
420 328 511 361 tam
539 321 610 360 illa
639 321 728 360 salli
757 320 892 360 facilis
922 334 1053 373 quam
1081 320 1164 360 ista
1194 320 1424 360 contemni.
1486 320 1630 373 Atque

95 391 201 430 adeo
222 391 326 443 quid
345 390 523 443 plenius,
547 389 706 429 dicere:
745 389 843 429 Non
863 389 1041 437 occides,
1064 403 1119 428 311
1139 389 1312 428 docere:
1351 388 1415 428 Ne
1435 389 1630 429 irascaris

93 459 294 512 quidem?
359 458 470 506 Quid
499 458 742 511 perfectius,
773 457 998 511 prohibere
1026 457 1299 506 adulterium,
1331 471 1386 496 an
1415 457 1544 497 etiam
1574 457 1628 497 ab
1649 470 1669 500 5

92 528 313 567 oculorum
344 527 535 567 solitaria
567 526 914 580 concupiscentia
946 527 1113 566 arcere?
1178 526 1290 574 Quid
1322 526 1543 574 eruditius,
1577 526 1629 578 de

92 596 313 643 maleficio,
348 610 403 635 an
436 602 477 635 et
509 595 562 635 de
594 595 842 648 maliloquio
873 594 1153 635 interdicere?
1218 594 1329 643 Quid
1361 594 1626 643 instructius,

90 670 289 709 iniuriam
318 684 404 709 non
432 669 695 722 permittere,
726 682 782 708 an
809 682 886 707 nec
914 668 1053 707 uicem
1080 668 1259 708 iniuriae
1287 668 1449 707 sinere?
1512 668 1627 707 Dum

91 750 237 783 tamen
277 743 422 783 sciatis
460 743 575 796 ipsas
614 743 725 796 leges
765 756 937 796 (1110(1113
978 747 1142 782 uestras
1181 756 1292 795 quae
1330 742 1534 782 uidentur
1573 742 1628 781 ad

90 819 381 859 innocentiam
428 831 599 871 pergere
646 817 699 856 de
745 816 893 856 diuina
940 817 1041 870 lege,
1094 822 1139 856 ut
1185 817 1427 869 antiquiore
1474 816 1624 864 forma,
1650 834 1693 858 10

90 898 326 932 mutuatas.
388 892 588 931 Diximus
646 891 733 930 iam
792 890 844 930 de
904 890 1041 943 Moysi
1101 896 1258 930 aetate.
1320 890 1402 930 Sed
1462 896 1626 943 quanta

89 967 326 1006 auctoritas
365 966 506 1019 legum
548 965 848 1012 humanarum,
892 978 989 1003 cum
1028 964 1122 1003 illas
1161 970 1202 1004 et
1244 963 1425 1003 euadere
1464 964 1626 1003 homini

89 1041 313 1093 contingat
346 1045 387 1079 et
421 1039 674 1092 plerumque
706 1038 749 1078 in
782 1038 979 1078 admissis
1011 1037 1282 1085 delitiscenti,
1319 1043 1361 1077 et
1393 1037 1625 1091 aliquando

88 1120 361 1154 contemnere
388 1128 438 1152 ex
464 1113 693 1153 uoluntate
718 1113 782 1152 uel
810 1112 1065 1152 necessitate
1091 1112 1385 1165 delinquenti?
1448 1111 1624 1166 Recogi-

88 1194 179 1228 tate
217 1202 265 1227 ea
303 1188 434 1227 etiam
472 1202 548 1241 pro
586 1187 802 1227 breuitate
839 1186 1036 1239 supplicii
1074 1186 1313 1233 cuiuslibet,
1353 1200 1440 1225 non
1477 1191 1623 1226 tamen
1649 1202 1688 1234 15

87 1262 200 1301 ultra
233 1266 416 1301 mortem
449 1260 698 1300 remansuri.
761 1259 826 1299 Sic
861 1265 903 1299 et
936 1259 1147 1313 Epicurus
1180 1273 1351 1299 omnem
1385 1259 1623 1299 cruciatum

88 1335 364 1388 doloremque
398 1334 626 1388 depretiat,
663 1333 881 1373 modicum
916 1333 1089 1387 quidem
1125 1332 1495 1386 contemptibilem
1529 1347 1623 1386 pro-

87 1409 342 1457 nuntiando,
374 1422 580 1462 magnum
609 1422 710 1448 uero
739 1422 825 1447 non
854 1407 1122 1447 diuturnum.
1184 1407 1416 1447 Enimuero
1444 1422 1523 1447 nos
1552 1408 1624 1460 qui

87 1482 166 1522 sub
191 1482 269 1522 deo
294 1482 487 1522 omnium
511 1482 779 1536 speculatore
803 1481 1114 1535 dispungimur,
1141 1481 1301 1534 quique
1324 1486 1545 1520 aeternam
1569 1480 1623 1521 ab

88 1570 135 1596 eo
162 1570 347 1609 poenam
374 1556 652 1610 prouidemus
680 1556 845 1603 merito,
875 1555 952 1595 soli
978 1555 1250 1595 innocentiae
1277 1555 1551 1603 occurrimus,
1582 1560 1625 1595 et
1645 1571 1689 1594 20

88 1645 162 1683 pro
193 1631 395 1671 scientiae
424 1630 692 1684 plenitudine
721 1635 763 1669 et
793 1644 868 1683 pro
898 1629 1162 1669 latebrarum
1191 1628 1447 1669 difficultate
1476 1634 1519 1669 et
1546 1643 1623 1682 pro

87 1705 384 1758 magnitudine
421 1705 636 1744 cruciatus
671 1718 758 1743 non
794 1703 1000 1751 diuturni,
1039 1717 1188 1743 uerum
1224 1703 1486 1756 sempiterni,
1526 1717 1622 1742 eum

86 1779 288 1818 timentes
326 1793 453 1831 (1113111
491 1779 641 1818 timere
677 1777 854 1817 debebit
890 1782 933 1817 et
969 1778 1058 1831 ipse
1095 1777 1167 1830 (1111
1205 1777 1407 1817 timentes
1442 1777 1619 1826 iudicat,

87 1852 228 1900 deum,
262 1866 348 1892 non
380 1851 679 1905 proconsulem
711 1851 926 1891 timentes.

167 1982 240 2023 46.
300 1983 595 2031 Constitimus,
634 1987 684 2022 ut
719 1981 883 2035 opinor,
922 1981 1128 2021 aduersus
1164 1982 1357 2022 omnium
1395 1982 1620 2022 criminum
1642 1999 1685 2031 25

83 2057 431 2105 intentationem,
457 2070 568 2109 quae
591 2055 933 2095 Christianorum
955 2055 1207 2108 sanguinem
1232 2054 1413 2109 flagitat.
1469 2055 1619 2096 Osten-

85 2130 226 2170 dimus
243 2135 387 2170 totum
404 2134 570 2170 statum
587 2134 798 2177 nostrum,
819 2134 862 2168 et
879 2128 1035 2182 quibus
1053 2129 1191 2168 modis
1208 2129 1390 2182 probare
1407 2130 1619 2183 possimus

84 2204 143 2243 ita
163 2218 251 2244 esse
267 2204 377 2244 sicut
392 2203 673 2251 ostendimus,
692 2216 744 2242 ex
759 2203 843 2242 fide
859 2202 1019 2242 scilicet
1035 2208 1078 2242 et
1093 2202 1357 2256 antiquitate
1373 2203 1619 2244 diuinarum

84 2280 338 2328 litterarum,
369 2280 474 2320 item
503 2294 554 2320 ex
583 2280 847 2320 confessione
874 2280 1163 2334 spiritualium
1191 2285 1474 2334 potestatum.
1536 2281 1617 2329 Qui

84 2368 162 2394 nos
180 2354 395 2394 reuincere
415 2355 605 2403 audebit,
626 2369 714 2394 non
733 2359 825 2394 arte
844 2354 1087 2402 uerborum,
1110 2354 1183 2394 sed
1203 2355 1353 2394 eadem
1373 2355 1511 2395 forma
1531 2370 1615 2409 qua
1636 2370 1678 2400 30

83 2428 383 2482 probationem
418 2428 734 2476 constituimus,
771 2428 823 2468 de
858 2428 1068 2468 ueritate?
1131 2427 1213 2468 Sed
1247 2429 1351 2468 dum
1386 2429 1615 2483 unicuique

84 2504 388 2544 manifestatur
412 2504 571 2544 ueritas
594 2510 755 2553 nostra,
782 2505 954 2545 interim
978 2504 1268 2553 incredulitas,
1295 2505 1399 2545 dum
1424 2505 1477 2545 de
1502 2505 1613 2546 bono

83 2582 225 2617 sectae
243 2577 368 2618 huius
386 2577 629 2627 obducitur,
651 2579 767 2632 quod
785 2579 880 2619 usui
897 2579 984 2619 iam
1003 2584 1047 2619 et
1064 2579 1116 2619 de
1135 2579 1388 2619 commercio
1406 2579 1610 2628 innotuit,

82 2669 168 2694 non
188 2654 338 2707 utique
357 2654 553 2695 diuinum
572 2655 793 2709 negotium
815 2655 1047 2704 existimat,
1069 2655 1143 2695 sed
1163 2655 1298 2709 magis
1317 2655 1612 2709 philosophiae

81 2741 226 2783 genus.
287 2727 464 2777 Eadem,
486 2729 640 2782 inquit,
664 2735 707 2770 et
726 2729 968 2783 philosophi
988 2734 1167 2770 monent
1186 2734 1318 2783 atque
1338 2728 1608 2782 profitentur,
1632 2748 1675 2781 35
