1827 3004
102 75 178 113 124
667 67 1065 109 T-ERTVLLIANI

98 191 340 226 uestrarum
362 184 688 238 professionum,
713 181 837 221 facile
859 181 969 221 ratio
992 180 1139 220 haberi
1161 180 1309 233 possit,
1334 179 1460 219 unius
1481 179 1635 233 speciei

99 266 271 319 querela
292 269 556 318 conpensata
578 277 654 316 pro
677 261 904 301 commodo
927 266 1166 301 ceterarum
1187 261 1419 300 rationum.

178 394 251 435 43.
312 394 444 433 Plane
473 392 723 439 confitebor,
755 391 946 444 quinam,
979 391 1012 431 si
1042 391 1165 439 forte‚
1198 404 1297 430 uere
1327 390 1379 430 de
1408 390 1637 430 sterilitate

98 475 439 515 Christianorum
482 471 685 525 conqueri
728 471 908 524 possint.
970 471 1101 510 Primi
1146 475 1273 510 erunt
1314 470 1500 518 lenones,
1546 483 1636 522 per-

99 555 311 601 ductore&
336 552 557 606 aquarioli,
582 557 677 591 tum
699 550 850 598 sicarii,
875 550 1106 597 uenenarii,
1131 550 1257 603 magi,
1280 550 1385 589 item
1408 548 1636 600 aruspices,

99 633 231 681 arioli,
258 631 569 672 mathematici.
631 630 711 670 His
734 630 1025 688 infructuosos
1050 644 1138 669 esse
1162 643 1344 683 magnus
1369 634 1433 668 est
1456 628 1635 668 fructus.

102 713 160 753 Et
196 718 343 752 tamen
380 711 669 765 quodcunque
706 710 981 763 dispendium
1018 716 1082 750 est
1118 709 1176 749 rei
1214 714 1383 749 uestrae
1419 722 1494 762 per
1530 707 1640 747 hanc

101 797 276 833 sectam.
334 805 432 830 cum
486 790 630 844 aliquo
686 789 897 843 praesidio
953 789 1204 842 conpensari
1260 794 1416 841 potest.
1479 787 1640 836 Quanti

101 871 282 919 habetis,
317 885 403 910 non
435 870 530 910 dico
562 870 635 923 qui
666 870 753 909 iam
785 869 838 909 de
869 868 992 909 uobis
1024 869 1251 909 daemonia
1284 869 1520 916 excutiant,
1554 882 1640 907 non

102 952 195 992 dico
222 952 309 991 iam
337 951 410 1004 qui
438 965 514 1004 pro
542 950 665 991 uobis
694 964 865 1004 quoque
892 964 994 990 uero
1021 950 1100 989 deo
1128 963 1273 1003 preces
1300 954 1509 997 sternant,
1540 947 1641 1001 quia

102 1031 213 1071 forte
234 1045 321 1071 non
344 1030 528 1078 creditis,
554 1030 629 1069 sed
651 1044 674 1069 a
699 1029 855 1083 quibus
878 1029 983 1069 nihil
1005 1029 1157 1069 timere
1179 1029 1377 1083 possitis?

184 1155 258 1195 44.
318 1155 377 1195 At
414 1155 527 1194 enim
564 1154 670 1194 illud
708 1154 1019 1194 detrimentum
1058 1153 1316 1207 reipublicae
1353 1158 1446 1194 tam
1482 1152 1643 1207 grande

104 1250 235 1289 (cluam
260 1249 411 1275 uerum
436 1249 562 1274 nemo
589 1234 891 1287 circumspicit,
918 1233 1036 1273 illam
1061 1233 1261 1273 iniuriam
1287 1233 1478 1273 ciuitatis
1502 1232 1644 1272 nullus

104 1316 322 1369 expendit,
356 1329 454 1354 cum
484 1319 553 1354 tot
581 1314 684 1354 iusti
713 1314 1016 1367 impendimur,
1050 1327 1148 1352 cum
1179 1318 1247 1353 tot
1275 1313 1525 1353 innocentes
1556 1326 1642 1351 ero-

104 1410 268 1449 gamur.
329 1395 505 1435 Vestros
551 1394 664 1433 enim
709 1394 797 1433 iam
843 1398 1140 1433 contestamur
1185 1398 1320 1441 actus,
1369 1393 1443 1446 qui
1489 1392 1645 1432 cotidie

104 1474 346 1514 iudicandis
366 1473 572 1513 custodiis
591 1473 857 1527 praesidetis,
881 1473 953 1526 qui
973 1472 1198 1512 sententiis
1219 1472 1352 1526 elogia
1372 1472 1644 1526 dispungitis.

106 1554 189 1594 Tot
213 1568 237 1594 a
262 1553 385 1594 uobis
408 1558 614 1593 nocentes
638 1553 767 1592 uariis
792 1552 1020 1592 criminum
1045 1552 1188 1606 elogiis
1212 1557 1508 1593 recensentur:
1551 1552 1647 1606 quis

106 1636 192 1675 illic
222 1635 410 1683 sicarius,
436 1635 531 1688 quis
560 1633 900 1682 manticularius,
934 1633 1029 1686 quis
1058 1633 1286 1687 sacrilegus
1315 1639 1393 1674 aut
1422 1638 1648 1687 corruptor

107 1720 185 1755 aut
200 1715 446 1755 lauantium
460 1715 634 1768 praedo,
652 1714 747 1767 quis
765 1728 816 1753 ex
830 1713 911 1753 illis
929 1714 1061 1753 etiam
1075 1713 1344 1754 Christianus
1357 1712 1642 1754 adscribitur?

108 1800 185 1835 aut
207 1809 304 1834 cum
326 1794 557 1835 Christiani
578 1808 655 1833 suo
677 1793 806 1833 titulo
827 1793 1081 1839 offeruntur,
1105 1793 1200 1846 quis
1223 1807 1274 1833 ex
1294 1793 1375 1833 illis
1396 1793 1528 1833 etiam
1549 1792 1648 1833 talis

109 1875 257 1928 quales
294 1880 362 1915 tot
399 1876 629 1915 nocentes?
692 1874 758 1914 De
794 1874 949 1914 uestris
986 1888 1154 1927 semper
1191 1879 1364 1914 aestuat
1402 1888 1555 1922 carcer,
1596 1873 1648 1913 de

110 1955 263 1995 uestris
302 1969 469 2008 semper
508 1954 683 1994 metalla
722 1954 954 2007 suspirant,
996 1953 1049 1993 de
1087 1954 1242 1994 uestris
1280 1968 1448 2008 semper
1485 1954 1649 1994 bestiae

110 2035 375 2089 saginantur,
427 2035 479 2075 de
528 2035 683 2075 uestris
732 2048 900 2088 semper
948 2034 1179 2074 munerarii
1227 2035 1456 2075 noxiorum
1504 2048 1650 2089 greges

110 2120 308 2168 pascunt.
370 2114 507 2154 Nemo
550 2115 634 2154 illic
676 2114 957 2163 Christianus,
1002 2114 1082 2154 nisi
1124 2114 1251 2168 plane
1293 2119 1469 2155 tantum
1511 2114 1648 2154 Chris-

112 2194 269 2242 tianus,
300 2199 377 2234 aut
405 2194 439 2234 si
467 2199 511 2234 et
539 2194 668 2242 aliud,
698 2194 786 2234 iam
814 2207 900 2233 non
929 2193 1210 2233 Christianus.

195 2317 268 2357 45.
327 2317 418 2358 Nos
438 2331 536 2372 ergo
557 2318 635 2358 soli
655 2319 918 2359 innocentes.
982 2318 1095 2367 Quid
1116 2319 1285 2368 mirum,
1309 2319 1343 2360 si
1364 2333 1534 2359 necesse
1556 2320 1646 2359 est?

114 2395 347 2436 Enimuero
378 2411 548 2437 necesse
580 2403 656 2438 est.
717 2398 1019 2438 Innocentiam
1050 2412 1075 2438 a
1106 2398 1185 2439 deo
1217 2398 1359 2439 edocti
1391 2404 1434 2439 et
1464 2398 1652 2452 perfecte

115 2489 209 2515 eam
244 2475 457 2525 nouimus,
494 2481 545 2517 ut
579 2491 603 2516 a
638 2477 829 2530 perfecto
864 2477 1070 2532 magistro
1105 2478 1355 2528 reuelatam,
1393 2484 1437 2519 et
1470 2478 1653 2519 fideliter

115 2555 395 2605 custodimus,
418 2561 467 2596 ut
486 2555 540 2597 ab
559 2556 925 2610 incontemptibili
943 2557 1184 2610 dispectore
1203 2558 1471 2598 mandatam.
1520 2558 1653 2598 Vobis

1666 966 1707 988 10

1669 1406 1710 1437 15

1669 1806 1714 1829 20

1672 2208 1716 2239 25

117 2640 264 2675 autem
291 2635 483 2676 humana
510 2636 755 2677 aestimatio
783 2636 1077 2677 innocentiam
1105 2637 1299 2686 tradidit,
1330 2637 1520 2677 humana
1546 2638 1653 2678 item
1673 2655 1719 2686 30

118 2714 357 2755 dominatio
380 2715 635 2769 imperauit3
676 2715 776 2756 inde
800 2729 878 2756 nec
901 2716 1053 2770 plenae
1076 2730 1154 2757 nec
1178 2717 1285 2757 adeo
1310 2717 1529 2757 timendae
1553 2717 1655 2758 estis
