1827 3004
160 111 241 151 286
725 103 1126 144 TERTVLLIANI
1402 102 1461 154 [p.
1487 98 1587 141 681.
1613 100 1695 138 2—

162 221 348 262 aivdieta
377 218 579 267 Domini‚·
610 221 849 271 eoepuynata
877 221 934 256 est
964 215 1126 262 ciuitas,
1156 213 1349 255 debellati
1376 211 1543 259 Iudaei,
1565 209 1696 251 occisa

162 290 291 332 neseio
333 294 429 343 quot
470 287 683 327 heminam
726 285 861 325 mitia.
941 284 1083 324 nullus
1122 283 1224 324 illue
1266 281 1385 323 modo
1430 279 1697 335 permittitur

161 359 350 401 (recedere
371 357 632 397 Iudaeorum
647 370 661 405 ;
695 354 764 395 abi
779 359 1006 408 potuerant
1029 353 1234 394 aduersus
1250 351 1481 392 Dominam
1498 349 1696 396 clamare,

160 428 219 468 ibi
251 442 277 467 a
314 426 495 467 Domino
533 439 613 465 von
651 424 958 478 permittimtur
994 421 1194 462 habitare.
1251 418 1531 475 perdiderunt
1566 417 1697 458 locam

121 517 139 547 5
150 496 321 551 furoris
361 496 453 536 sai:
501 499 622 548 atque
662 494 828 534 utinam
869 492 935 533 uel
977 505 1085 532 mmo
1121 495 1347 544 aynoscant
1383 489 1515 529 locum
1551 485 1699 541 quietis

160 580 260 606 Suae
275 565 289 605 !
297 579 450 605 ...nam
472 563 562 604 loca
584 562 662 602 illa
694 561 835 602 omnia
864 565 901 601 et
930 558 1164 601 hominibus
1190 558 1321 612 plena
1349 562 1444 598 sunt
1465 561 1502 596 et
1521 553 1700 595 Iudaeis

162 635 324 675 inania.
387 632 576 674 Schiirer
597 636 627 671 Ι3
649 632 731 672 699
754 645 793 670 n.
820 630 911 670 146.
967 628 1130 677 Renan,
1154 614 1244 683 Egl.
1269 625 1413 668 Chret.
1438 627 1531 665 221.

248 718 286 758 p.
311 705 364 744 68
396 702 419 742 1.
444 703 468 742 3
502 700 743 741 Theodorei
766 699 835 739 Gr.
859 698 941 738 Aff.
965 697 1064 739 Cur.
1088 708 1138 737 XI
1160 695 1179 752 ξ
1201 697 1253 737 69
1277 710 1315 750 p.
1340 696 1422 736 163
1448 696 1499 734 15
1523 707 1580 747 sq.

250 781 704 813 PRAEMINARENTVR:
736 769 811 810 the
841 767 954 808 word
983 767 1094 807 Adu.
1124 766 1251 806 Mare.
1281 776 1311 805 V
1342 765 1394 805 19
1421 778 1459 818 p.
1490 763 1571 803 645
1599 761 1623 802 1.
1649 762 1700 801 22

102 859 144 881 10
165 842 251 891 Kr.‚
273 841 400 897 Apul.

249 926 287 966 p.
313 913 365 951 68
388 910 412 950 l.
435 911 461 949 4
486 918 643 948 EADEM
666 906 776 947 Adu.
801 905 928 945 Marc.
952 916 999 944 IV
1024 906 1046 944 5
1070 918 1108 959 p.
1131 904 1228 951 431,
1249 902 1272 942 1.
1296 903 1322 941 4
1346 900 1419 941 Kr.

254 991 370 1021 FORE
402 990 478 1019 VTI
511 984 589 1018 cet.
620 975 746 1031 Cypr.
774 974 840 1015 De
872 974 1024 1014 Idolor.
1048 972 1193 1013 Vanib.
1219 975 1241 1012 5
1274 969 1436 1027 §4:0.
1461 971 1511 1009 11
1548 967 1703 1008 Hartel

165 1051 222 1106 (p.
257 1052 310 1090 28
348 1049 371 1089 1.
411 1051 432 1088 1
467 1062 551 1102 seq.
590 1046 665 1097 H.)
705 1060 775 1086 nee
816 1059 896 1085 vion
933 1043 1034 1084 deas
1076 1047 1170 1083 ante
1204 1040 1484 1096 praedixerat
1518 1039 1619 1093 fore
1659 1042 1705 1077 ut

169 1124 356 1173 ueryente
388 1116 550 1158 saeculo
579 1121 615 1156 et
648 1113 796 1154 mandi
830 1114 920 1168 fine
951 1113 1041 1153 iam
1077 1111 1273 1166 proaeimo
1304 1124 1353 1150 ecc
1384 1108 1498 1150 omni
1523 1113 1640 1161 yente
1668 1111 1706 1147 et

105 1208 145 1239 15
161 1188 318 1244 populo
338 1193 374 1228 et
395 1187 478 1228 loeo
496 1185 673 1227 caltores
694 1183 775 1224 sibi
795 1183 1043 1238 allegeret]
1065 1181 1165 1222 deas
1186 1180 1316 1220 multo
1339 1184 1375 1220 et
1388 1178 1495 1233 fidei
1508 1176 1707 1231 fortioris

168 1264 204 1299 et
244 1256 430 1298 melioris
472 1254 662 1308 obsequii,
704 1253 776 1307 qai
815 1251 1126 1306 indulgentiam
1168 1250 1216 1291 de
1262 1248 1423 1290 diuinis
1464 1244 1706 1287 maneribus

169 1326 462 1367 haurirent...
514 1322 533 1379 ξ
556 1327 578 1363 5
602 1323 625 1363 1.
651 1325 673 1362 5
697 1322 815 1363 cuias
841 1321 976 1375 igyitur
1000 1320 1170 1374 9ratiae
1200 1318 1528 1372 disciplinaeque
1551 1314 1708 1355 arbiter

169 1402 206 1437 et
226 1395 428 1449 mayz'ster
448 1408 581 1435 sermo
603 1398 639 1434 et
661 1392 786 1447 filias
808 1391 875 1432 dei
904 1391 1099 1438 mittitur,
1122 1390 1194 1444 qai
1216 1404 1296 1443 per
1318 1387 1548 1443 prophetas
1570 1399 1707 1426 onmes

170 1470 280 1506 retro
302 1463 622 1504 illuminator
643 1467 679 1503 et
701 1460 944 1501 deductor
973 1459 1150 1500 humani
1175 1457 1338 1512 yeneris
1364 1453 1707 1511 praedicabatur.

106 1552 150 1573 20
171 1533 236 1574 hic
258 1538 313 1574 est
336 1533 473 1573 uirtus
495 1531 573 1579 dei,
595 1531 660 1572 hic
681 1530 805 1578 ratio,
827 1529 892 1570 hic
913 1528 1125 1583 sapientia
1146 1527 1235 1569 eius
1256 1532 1291 1567 et
1310 1525 1461 1580 gloria.
1523 1523 1589 1565 hic
1610 1529 1689 1563 eet.

258 1612 446 1642 EXTIMIS
472 1601 538 1641 De
561 1599 703 1640 Anim.
726 1601 781 1639 48
804 1614 862 1654 pr.
886 1598 958 1639 sab
980 1597 1144 1639 emtionis
1164 1595 1361 1637 noctibus.
1424 1594 1565 1633 Amm.
1589 1602 1709 1632 XXIX

174 1675 196 1712 5
220 1673 274 1711 48
297 1684 423 1724 usque
446 1669 531 1710 diei
551 1669 761 1710 eoetimum.

258 1754 296 1794 p.
330 1740 383 1779 68
416 1738 439 1778 1.
473 1740 497 1777 5
531 1736 688 1777 Arnob.
718 1747 752 1775 ΙΙ
784 1737 837 1775 12
866 1734 1023 1789 Gospel
1054 1733 1099 1774 in
1128 1732 1265 1781 India,
1287 1746 1445 1786 among
1470 1730 1545 1771 the
1575 1729 1711 1776 Seres,

174 1807 381 1855 Persians‚
404 1806 564 1854 Medes,
586 1805 631 1846 in
653 1820 780 1860 every
802 1804 879 1845 isle
901 1803 985 1844 and
1007 1802 1218 1858 province.

109 1900 151 1931 25
260 1886 530 1916 ADLEGERET
562 1874 627 1914 De
655 1873 778 1915 Cam.
802 1873 950 1913 Resur.
982 1874 1006 1912 8
1036 1886 1073 1926 p.
1097 1873 1151 1912 36
1177 1871 1218 1911 11.
1243 1871 1411 1910 28-29
1435 1868 1509 1908 Kr.
1532 1867 1631 1920 (but
1658 1867 1711 1907 he

173 1945 295 1986 reads
332 1945 550 1998 altiyatar,
584 1943 792 1997 alligyc‘tri).
854 1941 965 1982 Adu.
1001 1940 1128 1980 Marc.
1162 1951 1177 1979 Ι
1211 1940 1264 1979 24
1301 1953 1339 1993 p.
1373 1939 1455 1978 323
1492 1937 1515 1977 1.
1551 1936 1601 1977 27
1636 1935 1710 1976 Kr.

175 2026 209 2054 ΙΙ
242 2016 295 2054 23
330 2029 367 2068 p.
403 2014 485 2054 366
520 2013 543 2053 1.
578 2014 630 2052 12
665 2012 738 2052 Kr.
771 2010 887 2063 (bis).
943 2012 994 2049 24
1029 2024 1066 2064 p.
1099 2007 1181 2049 367
1215 2008 1238 2048 l.
1275 2009 1325 2047 16
1360 2006 1433 2046 Kr.
1471 2008 1521 2045 25
1557 2020 1594 2060 p.
1628 2006 1711 2045 370

176 2085 199 2126 1.
228 2084 279 2125 27
308 2084 381 2124 Kr.
409 2082 636 2136 (adlectio).
685 2084 738 2122 28
765 2081 880 2134 (bis).
911 2095 948 2135 p.
976 2078 1057 2119 371
1089 2078 1129 2118 11.
1155 2077 1322 2118 17-18
1347 2076 1419 2116 Kr.
1444 2087 1491 2115 IV
1515 2077 1539 2116 9
1568 2090 1606 2130 p.
1629 2076 1712 2114 440

177 2153 200 2194 1.
234 2155 287 2193 18
320 2152 393 2192 Kr.
429 2154 478 2191 11
515 2166 574 2206 pr.
603 2152 649 2203 (4
681 2152 793 2202 exx.)
826 2161 857 2189 V
891 2152 911 2188 1
946 2164 984 2204 p.
1019 2149 1101 2189 568
1134 2147 1157 2187 1.
1190 2146 1242 2187 27
1275 2146 1348 2186 Kr.
1411 2144 1529 2185 Hier.
1552 2155 1586 2184 ΙΙ
1610 2141 1713 2184 ‘292¹’

112 2243 156 2273 30
177 2221 261 2262 and
282 2222 328 2261 in
349 2220 631 2261 sacerdotium
654 2219 729 2273 Ep.
754 2220 807 2258 82
822 2233 847 2258 a
868 2217 961 2270 (col.
987 2214 1119 2268 518b).

264 2305 301 2345 p.
335 2292 389 2331 68
421 2289 444 2330 1.
479 2292 503 2329 8
535 2298 890 2329 REFORMANDAM
923 2287 989 2327 De
1024 2286 1141 2327 Orat.
1174 2284 1195 2325 7
1226 2299 1264 2339 p.
1296 2284 1377 2324 186
1408 2283 1431 2323 1.
1464 2282 1486 2322 7
1522 2281 1645 2322 VViss.
1668 2286 1714 2321 ut

179 2361 306 2414 leyem
333 2360 378 2400 in
402 2359 551 2399 melias
576 2357 838 2413 reformaret.
900 2356 1010 2396 Adu.
1036 2355 1238 2409 Hermog.
1262 2355 1316 2394 43
1346 2368 1383 2408 p.
1410 2351 1490 2393 173
1514 2351 1537 2391 1.
1563 2352 1615 2391 1Ο
1639 2350 1713 2392 ΚΓ.

178 2430 223 2469 in
245 2427 502 2470 bonzc=m...de
530 2427 654 2467 malo.
717 2425 827 2466 Adu.
851 2425 944 2466 Iud.
970 2427 993 2464 2
1016 2439 1054 2479 p.
1079 2423 1161 2464 704
1183 2423 1228 2463 in
1255 2420 1510 2462 melias...in
1538 2419 1716 2461 limninis

178 2499 365 2540 satutem.
427 2498 538 2552 Aug.
568 2496 633 2537 De
668 2495 776 2551 Spir.
807 2501 851 2536 eb
885 2494 988 2535 Litn.
1018 2492 1110 2549 §37
1136 2494 1159 2534 f.
1223 2491 1355 2534 Clem.
1386 2491 1569 2545 Recogn.
1596 2501 1626 2529 V
1662 2490 1714 2529 13

115 2588 158 2619 35
184 2584 252 2609 uos
282 2567 340 2609 ad
367 2567 502 2622 ipsius
529 2566 768 2620 imayinem.
831 2564 982 2619 [Many
1004 2578 1094 2604 exx.
1118 2562 1163 2602 in
1190 2577 1261 2616 my
1288 2560 1416 2600 index
1444 2564 1488 2600 ‘no
1516 2558 1733 2612 Ps.-Aug.'

181 2636 355 2688 Quaesb.
418 2635 467 2675 A.
491 2635 552 2688 S.]
1752 2615 1755 2618 ‚

268 2720 306 2760 p.
342 2707 395 2745 68
428 2705 451 2744 1.
486 2706 509 2745 9
544 2703 660 2758 Orig.
693 2708 824 2743 contr.
855 2700 964 2742 Cels.
995 2712 1010 2740 Ι
1047 2699 1069 2740 7
1104 2713 1200 2754 says
1234 2698 1331 2739 that
1364 2697 1519 2737 almost}
1551 2695 1607 2735 all
1640 2693 1715 2734 the

182 2774 312 2814 world
334 2788 418 2813 was
439 2773 584 2813 better
604 2770 862 2826 aequainted
884 2769 989 2810 with
1012 2769 1086 2810 bhe
1112 2767 1242 2815 birth,
1264 2765 1524 2813 erueifixion,
1545 2762 1717 2819 passion
