1827 3004
104 124 151 161 10
664 114 1061 157 TERTVLLIANI

99 235 248 287 utique
281 247 482 287 negemus
514 237 557 272 et
587 231 756 278 scelera,
791 228 843 269 de
876 227 1032 281 quibus
1065 242 1116 266 ex
1149 226 1413 267 confessione
1445 224 1632 265 nominis

100 310 492 365 praesumpseratis.
553 307 648 355 Sed,
694 306 857 359 opinor,
902 319 989 345 non
1032 304 1164 344 uultis
1208 318 1285 344 nos
1328 302 1476 356 perire,
1523 316 1630 355 quos

99 388 303 441 pessimos
344 386 526 426 creditis.
588 384 655 424 Sic
696 383 808 423 enim
849 382 994 423 soletis
1035 381 1173 421 dicere
1214 379 1455 421 homicidae
1496 379 1628 433 Nega,

98 464 247 505 laniari
281 463 425 503 iubere
458 462 722 515 sacrilegum,
758 460 791 500 si
827 458 1020 499 confiteri
1055 456 1406 511 perseuerauerit.
1467 455 1510 496 Si
1544 469 1632 496 non

99 541 161 581 ita
185 540 310 593 agitis
333 540 442 579 circa
464 553 542 579 nos
564 542 779 585 nocentes,
800 550 897 589 ergo
922 550 998 575 nos
1020 534 1393 575 innocentissimos
1415 532 1629 581 iudicatiS,
1652 545 1674 575 5

56 633 59 640 ·
100 632 196 658 cum
232 618 352 671 quasi
387 615 758 657 innocentissimos
791 628 877 653 non
912 612 1044 653 uultis
1078 612 1122 652 in
1157 626 1206 652 ea
1241 610 1505 652 confessione
1540 623 1631 663 per-

100 708 305 742 seuerare,
340 708 470 747 quam
503 692 770 740 necessitate,
805 705 891 730 non
923 689 1090 730 iustitia
1123 687 1419 729 damnandam
1452 701 1476 727 a
1509 686 1633 727 uobis

101 771 257 812 sciatis.
318 769 587 809 Vociferatur
611 769 761 808 homo:
804 766 1073 807 Christianus
1095 780 1204 806 sum.
1266 764 1392 813 Quod
1416 769 1481 804 est
1505 763 1631 811 dicit3

102 852 151 887 tu
177 847 240 887 uis
267 846 414 886 audire
441 845 557 898 quod
583 859 669 884 non
696 849 774 884 est.
834 842 1041 883 Veritatis
1068 840 1392 894 extorquendae
1418 838 1635 894 praesides

102 925 154 966 de
178 925 300 965 nobis
324 925 422 965 solis
447 923 719 964 mendacium
744 922 975 963 elaboratis
999 921 1160 962 audire.
1220 920 1317 961 Hoc
1341 934 1450 969 sum,
1476 918 1631 972 inquit,
1658 934 1702 956 10

103 1005 218 1059 quod
246 1005 413 1058 quaeris
441 1018 496 1044 an
523 1004 616 1044 sim.
678 1003 791 1052 Quid
818 1016 886 1042 me
913 1007 1089 1055 torques
1116 1001 1160 1041 in
1187 1000 1464 1054 peruersum?
1527 998 1633 1039 Con-

101 1086 236 1134 fiteor,
284 1090 327 1124 et
370 1090 566 1137 torques:
629 1083 733 1137 quid
777 1083 950 1132 faceres,
997 1082 1031 1123 si
1076 1082 1303 1136 negarem?
1366 1079 1498 1119 Plane
1543 1077 1637 1118 aliis

102 1165 360 1219 negantibus
383 1178 469 1204 non
492 1163 615 1203 facile
638 1163 768 1203 fidem
792 1161 1154 1203 accommodatis:
1195 1160 1332 1209 nobis,
1359 1159 1393 1200 si
1416 1157 1635 1213 negaueri-

103 1260 209 1294 mus,
244 1245 393 1285 statim
426 1244 610 1285 creditis.
671 1244 880 1297 Suspecta
911 1243 968 1284 sit
998 1242 1123 1283 uobis
1156 1241 1241 1282 ista
1277 1239 1549 1294 peruersitas,
1584 1251 1637 1277 ne

104 1339 188 1378 qua
213 1325 278 1364 uis
300 1324 437 1365 lateat
459 1324 503 1364 in
527 1324 708 1373 occulto,
737 1337 847 1377 quae
871 1337 949 1363 uos
973 1322 1181 1363 aduersus
1204 1321 1403 1369 formam,
1430 1318 1637 1359 aduersus
1661 1335 1702 1366 ¹5

102 1410 304 1444 naturam
331 1403 562 1453 iudicandi,
594 1409 743 1444 contra
770 1403 886 1457 ipsas
915 1416 1088 1456 quoque
1114 1402 1227 1456 leges
1255 1399 1484 1440 ministret.
1545 1397 1638 1438 Nisi

104 1484 227 1524 fallor
259 1485 384 1533 enim,
418 1483 530 1538 leges
561 1484 696 1524 malos
729 1483 817 1524 erui
848 1483 1014 1532 iubent,
1048 1497 1136 1524 non
1168 1480 1387 1530 abscondi,
1423 1479 1639 1520 confessos

104 1563 298 1603 damnari
326 1562 635 1616 praescribunt,
663 1577 748 1603 non
777 1562 956 1602 absolui.
1017 1561 1113 1602 Hoc
1139 1558 1528 1606 senatusconsulta,
1558 1558 1639 1597 hoc

105 1643 345 1696 principum
377 1643 584 1683 mandata
616 1642 841 1683 definiunt.
901 1641 997 1681 Hoc
1027 1640 1269 1694 imperium,
1303 1639 1424 1679 cuius
1454 1637 1640 1678 ministri

106 1721 218 1770 estis,
261 1722 406 1771 ciuilis,
448 1736 534 1762 non
574 1722 801 1775 tyrannica
841 1721 1081 1762 dominatio
1122 1725 1199 1761 est.
1259 1719 1390 1773 Apud
1429 1724 1640 1772 tyrannos
1661 1731 1706 1753 20

106 1801 219 1840 enim
244 1806 460 1842 tormenta
486 1801 617 1842 etiam
641 1816 718 1855 pro
744 1816 882 1855 poena
911 1800 1254 1841 adhibebantur:
1303 1798 1422 1853 apud
1453 1813 1531 1839 uos
1562 1797 1640 1838 soli

106 1881 345 1934 quaestioni
375 1887 655 1935 temperatur.
715 1882 916 1922 Vestram
944 1881 1026 1921 illis
1055 1885 1225 1921 seruate
1253 1880 1390 1934 legem
1419 1893 1555 1933 usque
1585 1877 1641 1918 ad

107 1960 414 2000 confessionem
437 1961 733 2009 necessariam,
762 1966 805 2001 et
828 1961 915 2001 iam
940 1961 974 2001 si
999 1960 1265 2001 confessione
1288 1959 1640 2013 praeueniantur,

106 2039 346 2080 uacabunt:
395 2041 609 2080 sententia
641 2055 748 2094 opus
780 2045 866 2081 est:
915 2040 1062 2081 debito
1094 2054 1258 2095 poenae
1289 2053 1448 2079 nocens
1479 2052 1641 2092 expun-

108 2119 269 2172 gendus
321 2126 396 2168 est,
450 2135 537 2161 non
588 2121 853 2162 eximendus.
913 2121 1111 2175 Denique
1162 2135 1288 2161 nemo
1340 2120 1461 2160 illum
1511 2118 1643 2173 gestit
1664 2135 1706 2165 25

109 2197 341 2239 absoluere.
402 2199 499 2240 Non
537 2200 636 2241 licet
676 2201 755 2241 hoc
794 2201 914 2250 uelle,
954 2201 1051 2242 ideo
1089 2216 1167 2241 nec
1207 2201 1374 2255 cogitur
1412 2199 1643 2253 quisquam

110 2290 274 2331 negare.
349 2279 639 2319 Christianum
702 2280 919 2320 hominem
982 2281 1177 2321 omnium
1238 2280 1445 2320 scelerum
1506 2293 1641 2327 reum,

110 2355 298 2405 deorum,
322 2357 644 2410 imperatorum,
669 2359 824 2413 legum,
850 2374 1032 2408 morum,
1058 2365 1240 2399 naturae
1263 2358 1399 2399 totius
1420 2357 1644 2398 inimicum

110 2435 340 2484 existimas,
388 2442 430 2476 et
474 2438 586 2491 cogis
629 2453 796 2491 negare,
843 2444 893 2479 ut
935 2439 1136 2479 absoluas
1180 2453 1309 2492 quein
1352 2453 1439 2478 non
1482 2436 1644 2491 poteris

111 2514 329 2555 absoluere
374 2517 453 2556 nisi
497 2519 732 2572 negauerit.
793 2519 1107 2560 Praeuaricaris
1150 2520 1192 2559 in
1239 2520 1364 2573 leges.
1425 2518 1499 2558 Vis
1545 2531 1643 2571 ergo
1664 2533 1709 2564 30

112 2599 237 2647 neget
278 2609 320 2634 se
362 2602 600 2646 nocentem,
645 2603 695 2638 ut
737 2613 835 2639 eum
877 2599 1009 2639 facias
1050 2599 1339 2648 innocentem,
1383 2603 1427 2639 et
1469 2597 1644 2651 quidem

111 2671 296 2713 inuitum
325 2674 424 2723 iam,
456 2690 533 2715 nec
562 2676 614 2717 de
644 2678 877 2730 praeterito
906 2693 1040 2718 reum.
1101 2678 1228 2718 Unde
1256 2678 1341 2718 ista
1370 2677 1642 2731 peruersitas,

113 2758 161 2791 ut
183 2753 311 2793 ctiam
331 2754 435 2795 illud
454 2770 540 2796 non
560 2758 816 2811 recogitetis,
838 2764 992 2813 sponte
1013 2758 1206 2799 confesso
1226 2758 1362 2812 magis
1383 2757 1645 2797 credendum
