1827 3004
81 115 124 155 p.
155 98 284 139 1261.
309 99 379 150 33]
537 93 974 135 APOLOGETICVS
1007 95 1074 141 45,
1109 95 1163 132 46
1535 90 1616 128 431

81 225 240 266 among
277 208 519 250 Christians
556 207 752 254 artisans,
783 206 851 246 old
886 221 1060 253 women,
1092 220 1162 245 aro
1195 204 1356 244 models
1392 204 1438 243 of
1471 201 1622 248 virtue,

83 281 166 322 and
190 280 282 320 love
307 277 420 319 their
442 275 704 330 neighbours
733 289 778 315 as
807 274 1075 315 themselves
1139 273 1389 326 Testimony
1414 271 1460 311 of
1487 270 1622 324 Pliny,

85 364 147 404 ep.
171 347 280 388 Trai.
305 348 358 387 96
381 344 487 397 (97).

172 433 212 473 p.
236 418 316 457 126
345 416 367 456 l.
393 417 443 454 21
476 423 789 454 PLENITVDINE
818 411 883 451 De
913 411 1105 466 Spectato.
1132 413 1184 451 20
1210 411 1279 451 fin.
1303 410 1401 451 baec
1432 415 1489 450 est
1514 408 1622 449 neri-

85 487 185 529 tatis
207 485 427 540 inteyritas
447 488 485 524 et
508 496 612 536 quae
628 481 666 522 ei
687 480 854 521 debetur
871 480 1123 533 disciplinae
1140 479 1370 534 plenitudo.
1419 477 1472 518 ib.
1492 479 1542 517 21
1563 491 1623 531 pr.
1646 492 1665 522 5

85 555 248 603 ethnici,
272 567 370 609 quos
387 566 514 606 penes
536 550 655 590 nulla
677 555 734 590 est
759 549 949 589 ueritatis
970 549 1193 602 plenitudo.

174 640 212 679 p.
248 624 328 663 126
362 622 386 662 l.
420 623 473 661 23
502 630 729 661 TIMENTES
772 618 929 659 Tati-an
971 620 996 658 4
1035 617 1109 659 τὸν
1149 620 1226 667 μὲν
1266 616 1350 671 «γὰρ
1393 615 1625 671 ἄνθρωπον

82 690 371 747 ἀνθρωπίνως
408 688 629 742 τιμητέον·
676 687 898 739 φοβητέον
937 686 981 728 δὲ
1021 687 1149 739 μόνον
1186 685 1260 727 τὸν
1299 684 1403 727 θεόν.
1468 683 1623 724 Matth.

91 764 144 803 10
176 763 240 801 28.
302 759 424 814 Kaye
454 761 509 799 48
537 773 576 798 n.
607 760 643 798 3.

718 925 824 967 CAP.
861 924 1006 965 XLVI

176 1050 215 1090 p.
241 1035 321 1074 126
354 1033 377 1074 l.
402 1035 455 1073 25
489 1041 789 1073 CONSTITIMVS
822 1044 854 1070 c.
877 1031 904 1069 4
926 1043 985 1084 pr.
1014 1029 1103 1069 iam
1134 1028 1183 1068 cle
1215 1042 1339 1068 causa
1372 1026 1630 1067 innocentiae
1652 1044 1694 1067 10

86 1105 325 1146 consistam.
386 1117 418 1143 c.
458 1103 510 1142 19
539 1099 661 1140 Fuld.
693 1113 733 1154 p,
766 1099 819 1139 62
853 1099 888 1138 5.
956 1096 1049 1137 infr.
1084 1097 1161 1137 hoc
1193 1111 1224 1136 c.
1257 1111 1295 1150 p.
1330 1097 1412 1136 130
1443 1095 1469 1134 l.
1506 1094 1553 1134 17
1593 1094 1631 1134 si

91 1173 142 1214 sle
177 1171 446 1227 simplicitate
482 1169 715 1211 consistam.
778 1166 843 1207 De
881 1165 1028 1206 Idolol.
1065 1166 1117 1205 13
1156 1164 1324 1212 Oehler,
1356 1178 1393 1218 p.
1429 1165 1483 1203 44
1516 1163 1539 1203 1.
1580 1164 1628 1202 12

95 1241 217 1282 Wiss.
260 1240 309 1281 cle
343 1239 415 1280 hoc
448 1237 616 1293 quidem
652 1236 793 1291 primo
825 1235 1059 1282 consistam,
1093 1249 1158 1274 an.
1232 1232 1432 1273 Marcian.
1465 1232 1489 1272 l.
1522 1234 1545 1272 2
1578 1231 1630 1271 de

94 1312 187 1366 lege
220 1309 343 1351 Corn.
375 1308 428 1348 de
461 1307 576 1355 falso,
607 1306 691 1360 dig.
726 1316 875 1345 XLVIII
910 1306 962 1344 10
993 1302 1012 1359 ξ
1040 1303 1061 1343 7
1098 1303 1212 1343 nullo
1244 1302 1362 1343 modo
1393 1301 1507 1342 serui
1538 1316 1632 1341 cum

92 1380 279 1421 dominis
308 1379 396 1420 suis
426 1377 646 1419 consistere
677 1382 858 1429 possunt.
920 1374 969 1414 ef.
1002 1372 1189 1413 Dirksen
1220 1386 1289 1412 ΞΝ.
1323 1386 1360 1411 n.
1396 1372 1418 1410 2
1453 1370 1632 1411 ‘iudicio
1654 1386 1695 1417 15

90 1449 300 1503 congredi.
362 1448 522 1489 actione
553 1444 762 1500 eoepeiiri.'

184 1534 221 1574 p.
247 1520 328 1559 126
361 1517 384 1558 l.
409 1518 462 1557 26
496 1525 815 1556 INTENTIONEM
846 1512 998 1560 -strain,
1024 1524 1231 1566 pressure.
1294 1523 1325 1549 C.
1358 1508 1409 1548 27
1442 1523 1501 1563 pr.
1531 1508 1635 1549 satis

96 1589 195 1630 baec
226 1587 432 1628 aduersus
462 1585 730 1626 intentionem
763 1583 900 1624 laesae
930 1581 1183 1623 diuinitatis.

184 1666 407 1697 FLAGITAT
439 1653 565 1709 Cypr.
600 1653 667 1693 Ad
704 1650 968 1693 Demetrian.
1004 1652 1055 1690 12
1089 1649 1157 1690 clei
1186 1663 1326 1689 seruos
1357 1653 1394 1688 et
1424 1647 1636 1688 maiestati

98 1741 147 1768 ac
207 1724 370 1765 numini
427 1724 515 1765 eius
572 1722 733 1763 dicatos
782 1720 952 1761 iniustis
1005 1717 1361 1774 persecutionibus
1410 1716 1635 1771 flagitatis.
1655 1728 1700 1749 20

97 1795 151 1836 id.
185 1809 247 1849 ep.
282 1795 335 1834 20
371 1791 433 1848 §1
473 1797 560 1833 orto
596 1791 741 1832 statim
776 1789 1028 1831 turbationis
1064 1787 1221 1842 inipetu
1257 1786 1412 1841 primo,
1445 1799 1537 1825 cum
1573 1797 1636 1823 me

100 1866 282 1906 clamore
317 1862 491 1903 uiolento
518 1860 766 1916 frequenter
790 1859 978 1914 populus
1001 1856 1253 1912 flayitasset‚
1276 1870 1355 1895 non
1385 1860 1472 1895 tam
1502 1868 1638 1894 meam

99 1935 278 1976 salutem
326 1947 454 1987 quam
505 1931 682 1985 quietem
725 1930 926 1986 fratrum
966 1927 1187 1983 publicam
1239 1925 1423 1979 cogitans
1469 1924 1639 1964 interim

100 2004 253 2045 secessi.

190 2087 227 2127 p.
252 2072 333 2111 126
356 2071 379 2110 1.
404 2072 457 2110 28
481 2079 786 2117 ANTIQVITATE
809 2083 842 2108 c.
865 2069 918 2109 19
941 2081 1004 2122 pr.
1026 2066 1077 2106 47
1103 2080 1161 2120 pr.
1659 2074 1702 2105 25

190 2156 228 2196 p.
258 2142 338 2182 126
371 2141 397 2180 l.
426 2142 478 2181 29
512 2149 820 2180 CONFESSIONE
850 2151 906 2178 cc.
938 2137 1118 2177 19-23.
1172 2135 1224 2173 25
1255 2148 1316 2187 pr.
1346 2147 1383 2172 n.
1445 2132 1494 2172 cf.
1530 2130 1639 2170 Har-

104 2210 214 2251 naek
237 2209 373 2249 Texte
397 2219 484 2248 VIII
508 2209 533 2247 4
555 2221 623 2262 pp.
650 2209 831 2247 110—1.

193 2293 230 2333 p.
256 2278 337 2317 126
360 2277 384 2318 1.
408 2278 462 2317 33
485 2286 654 2316 SECTAE
676 2290 708 2315 c.
730 2277 785 2316 43
804 2275 830 2314 f.

194 2357 456 2387 OBDVCITVR
487 2360 541 2386 ce.
575 2347 640 2386 39.
675 2347 741 2386 50.
802 2344 867 2385 De
912 2342 1058 2383 Pudie.
1099 2341 1121 2381 7
1165 2354 1203 2395 p.
1248 2340 1328 2379 232
1372 2338 1397 2378 l.
1431 2338 1483 2376 14
1520 2336 1642 2376 Wiss.

102 2416 312 2457 obdurero
361 2415 555 2456 diuersae
599 2415 742 2469 partis
786 2411 1186 2468 praesuruptionem.
1256 2407 1321 2447 De
1364 2405 1502 2447 Carne
1545 2404 1643 2446 Chr.
1663 2420 1707 2450 30

111 2488 162 2527 19
204 2500 263 2540 pr.
307 2500 400 2525 cum,
440 2483 748 2524 adulteratores
796 2482 883 2523 eius
934 2479 1148 2521 Obana-ero.
1222 2476 1287 2516 De
1326 2474 1450 2516 Carn.
1496 2472 1644 2513 Resur.

113 2557 135 2595 2
174 2570 210 2609 p.
248 2552 298 2594 27
332 2553 357 2593 l.
391 2555 413 2592 2
448 2552 524 2592 Kr.
555 2551 718 2593 obducti
749 2550 894 2592 dehinc
926 2549 976 2590 cle
1008 2549 1079 2589 cleo
1112 2546 1254 2588 carnis
1294 2549 1471 2584 auctore.
1533 2540 1644 2581 Adu.

113 2624 316 2678 Hormog.
349 2624 403 2662 38
435 2636 474 2676 p.
509 2623 590 2662 168
624 2621 647 2661 l.
682 2622 734 2661 16
759 2620 832 2660 Kr.
895 2618 960 2659 De
993 2617 1130 2658 Ieiun.
1156 2617 1204 2655 11
1226 2629 1264 2669 p.
1290 2614 1371 2653 289
1395 2612 1418 2652 l.
1443 2613 1495 2651 15
1520 2609 1644 2650 XViss.

112 2692 222 2733 Adu.
246 2691 373 2732 Marc.
404 2702 419 2730 Ι
450 2693 500 2730 21
537 2705 577 2745 p.
599 2692 682 2730 318
706 2690 729 2730 l.
754 2689 776 2730 7
803 2689 876 2729 Kr.
901 2698 953 2727 III
980 2688 1031 2727 16
1054 2685 1123 2725 fin.
1147 2695 1177 2723 V
1202 2684 1254 2723 10
1277 2697 1314 2736 p.
1339 2682 1421 2722 606
1446 2680 1468 2720 l.
1495 2680 1546 2719 16
1571 2678 1644 2719 Kr.

113 2761 224 2801 Adu.
259 2760 378 2800 Prax.
411 2758 462 2799 27
487 2774 546 2813 pr.
1666 2761 1709 2793 35
