1827 3004
154 99 205 138 20
716 90 1112 133 TERTVLLIANI

155 210 408 251 Caesariano
442 207 584 262 gladio
619 206 828 246 ferocisse.
890 203 973 244 Sed
1008 203 1085 244 tali
1107 202 1355 243 dedicatore
1389 201 1686 242 damnationis

155 292 325 328 nostrae
344 286 474 326 etiam
491 284 734 339 gloriamur.
796 282 877 330 Qui
896 281 1009 321 enim
1027 281 1108 321 scit
1124 280 1258 329 illum,
1277 279 1522 334 intellegere
1539 284 1685 333 potest

155 378 241 404 11011
268 363 346 404 nisi
373 362 533 417 grande
560 359 734 414 aliquod
761 359 924 399 bonum
952 373 976 398 a
1004 358 1173 398 Nerone
1200 357 1471 398 damnatum.
1532 356 1685 410 Temp-

155 445 326 480 tauerat
353 446 396 480 et
423 438 710 485 Domitianus,
741 435 881 489 portio
910 435 1091 475 Neronis
1119 434 1171 474 de
1199 434 1467 483 crudelitate,
1496 433 1571 474 sed
1599 447 1684 487 qua

156 525 199 560 et
230 519 369 568 homo,
403 517 525 558 facile
557 522 758 570 coeptum
790 515 1002 569 repressit,
1036 515 1248 555 restitutis
1281 514 1412 554 etiam
1444 527 1552 567 quos
1582 512 1684 552 rele-
1705 531 1726 561 5

153 604 343 653 gauerat.
405 598 525 638 Tales
548 611 714 650 semper
735 596 858 636 nobis
880 595 1154 643 insecutores,
1178 594 1340 643 iniusti,
1363 593 1497 647 impii,
1521 597 1682 646 turpes,

154 692 260 732 quos
287 683 330 718 ct
354 677 433 731 ipsi
460 677 665 717 damnare
691 675 940 723 consuestis,
969 689 994 714 a
1021 674 1177 728 quibus
1203 673 1435 714 damnatos
1460 673 1685 713 restituere

154 757 266 798 soliti
296 757 408 797 estis.
469 756 667 797 Ceterum
696 755 748 795 de
776 759 845 795 tot
872 753 1026 794 exinde
1053 753 1319 808 principibus
1346 753 1403 793 ad
1430 752 1685 794 hodiernum

156 838 351 877 diuinum
378 837 702 889 humanumque
729 834 997 888 sapientibus
1024 833 1138 874 edite
1165 833 1353 887 aliquem
1380 832 1686 873 debellatorem

157 916 515 957 Christianorum!
576 915 635 955 At
673 928 750 955 nos
790 928 811 954 e
850 914 1064 954 contrario
1105 913 1271 953 edimus
1310 917 1612 967 protectorem,
1653 912 1687 952 si
1709 929 1755 951 10

157 996 325 1036 litterae
358 995 413 1035 M.
446 994 605 1035 Aurelii
635 993 876 1048 grauissimi
908 992 1180 1046 imperatoris
1209 993 1498 1046 requirantur,
1532 991 1688 1046 quibus

155 1076 271 1116 illam
318 1075 615 1115 Germanicam
660 1074 777 1114 sitim
822 1073 1163 1114 Christianorum
1207 1072 1320 1113 forte
1363 1071 1552 1112 militurn
1596 1085 1686 1125 pre-

157 1155 397 1196 cationibus
425 1155 657 1208 impetrato
686 1153 813 1194 imbri
842 1153 1079 1193 discussam
1109 1157 1393 1193 contestatur.
1454 1151 1574 1192 Sicut
1602 1166 1688 1192 non

157 1235 300 1289 palam
328 1235 382 1275 ab
410 1234 618 1274 eiusmodi
646 1234 892 1274 hominibus
919 1247 1104 1287 poenam
1131 1233 1329 1282 dimouit,
1358 1233 1420 1273 ita
1449 1232 1531 1273 alio
1560 1232 1688 1273 modo

158 1315 301 1368 palam
336 1314 546 1367 dispersit,
583 1313 752 1354 adiecta
788 1314 918 1354 etiam
956 1313 1280 1354 accusatoribus
1315 1313 1608 1362 damnatione,
1647 1318 1689 1353 et
1711 1328 1755 1360 15

159 1394 331 1447 quidem
353 1394 539 1434 tetriore.
601 1393 756 1442 Quales
778 1408 875 1447 ergo
895 1393 1010 1447 leges
1028 1393 1137 1434 istae
1158 1408 1267 1447 quas
1286 1393 1494 1434 aduersus
1514 1407 1592 1434 nos
1613 1393 1689 1434 soli

159 1479 357 1514 exercent
390 1473 522 1527 impii,
558 1473 718 1522 iniusti,
755 1478 916 1527 turpes,
953 1478 1107 1522 truces,
1144 1473 1259 1522 uani,
1295 1473 1545 1514 dementes?
1583 1487 1690 1527 quas

160 1553 366 1593 Traianus
397 1567 448 1592 ex
479 1558 602 1606 parte
634 1553 868 1593 frustratus
900 1558 965 1593 est
996 1553 1188 1593 uetando
1219 1553 1378 1607 inquiri
1410 1553 1688 1602 Christianos,

160 1647 266 1686 quas
316 1632 457 1672 nullus
508 1632 770 1682 Hadrianus,
825 1647 1092 1687 quamquam
1144 1634 1338 1673 omnium
1390 1634 1691 1675 curiositatum

160 1713 415 1766 explorator,
448 1713 590 1753 nullus
621 1713 923 1767 Vespasianus,
958 1727 1225 1767 quamquam
1257 1713 1519 1755 Iudaeorum
1551 1713 1691 1754 debel-
1713 1728 1759 1750 20

159 1793 282 1841 lator,
328 1793 469 1833 nullus
513 1793 626 1842 Pius,
672 1794 815 1834 nullus
859 1794 995 1834 Verus
1038 1794 1252 1848 inpressit.
1313 1795 1498 1836 Facilius
1542 1795 1693 1849 utique

161 1872 331 1925 pessimi
351 1872 404 1912 ab
427 1873 601 1925 optimis
623 1873 878 1927 quibusque,
901 1879 951 1914 ut
971 1873 1026 1914 ab
1048 1873 1240 1923 aemulis,
1264 1889 1396 1928 quam
1417 1889 1441 1915 a
1463 1875 1549 1916 suis
1570 1874 1693 1915 sociis

163 1952 406 1992 eradicandi
435 1953 740 1994 iudicarentur.

244 2094 285 2134 6.
344 2094 469 2134 Nunc
499 2095 800 2149 religiosissimi
831 2095 973 2150 legum
1006 2100 1050 2136 et
1080 2101 1361 2150 paternorum
1391 2097 1693 2137 institutorum

163 2180 424 2227 protectores
451 2180 493 2215 et
518 2175 677 2216 ultores
702 2176 993 2235 respondeant
1018 2177 1147 2217 uelim
1173 2177 1226 2217 de
1251 2191 1329 2218 sua
1354 2177 1439 2218 fide
1465 2183 1509 2218 et
1534 2177 1693 2218 honore
1715 2192 1760 2224 25

164 2260 206 2293 et
235 2254 437 2307 obsequio
468 2268 564 2309 erga
594 2255 806 2295 maiorum
836 2255 1046 2305 consulta,
1077 2256 1112 2296 si
1141 2270 1165 2296 a
1194 2256 1311 2297 nullo
1341 2256 1629 2306 desciuerunt,
1660 2257 1694 2297 si

164 2334 206 2373 in
230 2334 343 2374 nullo
368 2335 734 2384 exorbitauerunt,
759 2335 793 2375 si
816 2349 903 2375 non
924 2336 1162 2376 necessaria
1186 2341 1229 2377 et
1250 2337 1475 2391 aptissima
1498 2351 1695 2390 quaeque

165 2413 410 2466 disciplinae
430 2414 804 2455 oblitterauerunt.
867 2415 1065 2464 Quonam
1083 2416 1180 2456 illae
1199 2416 1311 2471 leges
1330 2417 1532 2458 abierunt
1550 2431 1694 2471 sump-

167 2498 259 2532 tum
300 2499 342 2533 et
381 2493 661 2534 ambitionem
702 2496 1060 2549 comprimentes?
1105 2511 1215 2550 quae
1255 2503 1431 2538 centum
1470 2512 1569 2538 aera
1608 2512 1695 2538 11011

167 2572 348 2625 amplius
370 2573 413 2612 in
437 2587 613 2614 coenam
636 2574 845 2615 subscribi
866 2575 1078 2616 iubebant
1099 2591 1178 2616 nec
1200 2578 1385 2631 amplius
1409 2592 1541 2631 quam
1563 2592 1695 2618 unam
1715 2596 1762 2627 30

166 2653 308 2692 inferri
335 2653 549 2707 gallinam,
578 2660 621 2694 et
649 2669 742 2695 eam
769 2670 855 2695 non
883 2656 1138 2710 saginatam,
1168 2672 1279 2711 quae
1306 2658 1550 2712 patricium,
1580 2658 1696 2711 quod

167 2732 311 2771 deceni
344 2733 486 2786 pondo
519 2735 683 2788 argenti
717 2735 950 2785 habuisset,
985 2751 1061 2790 pro
1094 2752 1251 2792 magno
1284 2738 1534 2779 ambitionis
1567 2738 1695 2779 titulo
