1827 3004
153 77 235 115 408
711 67 1111 110 TERTVLLIANI
1336 68 1396 122 [p.
1426 65 1553 106 1161.
1579 51 1687 107 29-

241 187 380 241 p.116
404 185 427 225 l.
448 186 499 225 29
524 194 699 224 MORTVI
722 198 753 223 c.
779 184 831 222 12
854 198 912 238 pr.
936 197 973 237 p.
992 184 1046 222 42
1070 182 1093 222 l.
1117 183 1170 223 33
1193 196 1231 222 n.
1284 180 1346 222 Cf.
1366 196 1397 221 c.
1420 182 1483 221 10.
1498 194 1530 220 c.
1551 182 1599 220 11
1625 195 1683 235 pr.

155 255 312 296 Arnob.
337 266 351 294 1
375 254 439 295 37.
473 264 521 293 IV
546 255 597 294 29
622 252 815 293 Hildebr.
1577 300 1579 303 Ι

242 338 278 378 p.
306 325 386 364 116
410 322 432 363 l.
456 324 511 363 30
541 332 671 361 ALIAS
687 341 720 354 =
736 321 860 361 aliter
889 320 1025 360 Lewis
1046 319 1131 360 and
1154 319 1284 361 Short
1306 334 1344 360 n.
1365 323 1398 359 5.
1452 319 1517 359 De
1540 304 1685 360 Idolol.

157 396 177 433 1
203 409 240 448 p.
264 395 315 433 31
341 393 364 433 l.
390 393 442 432 10
464 391 588 431 Wiss.
650 390 751 443 [See
773 389 894 430 Thes.
919 389 1039 430 alias.
1063 400 1125 429 111.
1188 389 1236 429 A.
1261 388 1322 441 S]

115 478 134 509 5
243 473 291 502 IN
322 471 603 501 HODIERNVM
629 460 695 500 De
723 459 868 499 Idolol.
892 460 917 499 3
939 473 998 513 pr.
1061 457 1160 499 CIL
1188 468 1274 497 vm
1298 456 1448 498 10570.
1515 457 1572 497 ad
1597 456 1686 498 hod.

156 531 209 572 ad
231 536 317 571 nat.
341 542 356 570 Ι
379 532 403 571 9
426 544 465 584 p.
489 528 542 570 73
566 529 589 569 l.
614 530 666 569 26
691 527 814 568 Wiss.
877 526 1019 581 Scorp.
1044 526 1066 566 7
1092 526 1115 566 f.
1138 541 1176 581 p.
1202 527 1283 566 160
1306 526 1329 566 l.
1353 528 1377 566 5
1401 525 1524 566 Wiss.

243 615 280 655 p.
299 601 380 640 116
403 599 443 640 ll.
459 600 598 639 30—1
623 612 655 638 C.
676 598 728 637 10
750 597 819 637 fin.
854 597 981 636 etiam
1002 595 1031 635 Ι
1033 610 1149 636 ouem
1171 594 1426 635 ostendemus
1447 600 1535 636 tam
1556 595 1687 636 homi—

155 684 248 711 nem
281 684 408 723 quam
445 683 492 709 ecc
531 666 694 708 homine
732 671 769 706 et
806 665 997 719 deinceps
1033 670 1161 705 totum
1195 664 1358 718 yeneris
1394 678 1564 704 eramen
1602 670 1690 705 tam

155 739 332 780 mortale
363 753 492 792 quam
522 735 790 778 seminis'sui
814 750 912 789 par.

95 831 136 853 10
242 823 280 863 p.
316 810 396 849 116
429 808 452 848 l.
486 809 537 848 31
572 816 810 847 POSTVMAE
840 819 872 845 o.
901 819 995 859 gen.
1025 803 1079 844 ad
1110 809 1199 844 nat.
1231 814 1246 842 Ι
1279 805 1303 843 9
1333 805 1377 853 (a
1404 803 1580 858 parallel
1607 802 1692 855 ch.)

157 893 194 933 p.
219 878 273 919 73
305 877 328 918 l.
363 879 415 918 26
449 876 572 917 Wiss.
606 890 685 916 non
721 875 834 915 alias
865 874 975 915 enim
1005 871 1309 927 superfuissent
1345 872 1402 913 ad
1433 871 1690 921 hodiernum,

157 947 242 988 nisi
267 953 464 1001 postuma
496 945 633 987 cladis
663 945 792 985 illius.

244 1031 284 1071 p.
318 1018 398 1057 116
432 1015 457 1055 l.
489 1017 542 1056 32
574 1024 769 1054 ΕΧΑΜΕΝ
801 1013 934 1053 henco
972 1011 1090 1051 Laot.
1124 1022 1172 1050 IV
1206 1012 1258 1050 10
1291 1008 1310 1065 ξ
1338 1012 1391 1050 14
1421 1016 1563 1064 postea
1593 1025 1691 1052 uero

158 1101 252 1127 cum
292 1085 339 1125 in
379 1085 543 1126 deserta
583 1083 769 1141 quadam
798 1088 921 1136 parte
956 1081 1111 1135 Syriae
1146 1080 1429 1128 consedissent,
1462 1080 1695 1121 amiserunt

97 1173 137 1204 15
157 1160 276 1195 uetus
318 1167 464 1194 nomen
502 1151 692 1193 Hebraei
707 1166 717 1191 .·
758 1156 795 1192 et
826 1150 1026 1204 quoniam
1061 1148 1262 1202 princeps
1303 1148 1510 1188 ewaminis
1550 1163 1693 1189 eoram

158 1222 298 1263 Iudas
319 1228 420 1270 erat,
443 1221 601 1262 Iudaei
627 1226 724 1261 sant
750 1218 972 1274 appellati.
1032 1232 1147 1272 supr.
1168 1232 1199 1258 c.
1226 1219 1277 1258 10
1298 1217 1368 1258 fin.
1431 1218 1478 1258 ef.
1504 1217 1604 1258 Hor.
1628 1233 1692 1273 ep.

159 1303 176 1332 Ι
200 1295 253 1334 19
278 1294 332 1333 23
354 1291 441 1332 duoe
460 1291 569 1344 reyit
591 1304 776 1331 examen.

247 1372 415 1402 SECTAE
437 1375 469 1400 o.
489 1361 539 1399 21
565 1374 626 1414 pr.
642 1374 683 1399 n.
700 1359 758 1413 (p.
777 1359 829 1399 66
853 1357 878 1397 l.
903 1357 986 1409 14).
1039 1355 1092 1396 ad
1114 1360 1203 1396 nab.
1227 1367 1239 1394 Ι
1266 1356 1318 1395 10
1340 1370 1377 1410 p.
1399 1354 1451 1396 76
1474 1356 1499 1395 l.
1522 1357 1546 1397 9
1571 1356 1694 1398 Wiss.

161 1431 317 1473 habetis
358 1430 492 1484 iyitur
527 1429 573 1469 in
615 1427 850 1468 maioribus
886 1426 1047 1474 uestris,
1083 1425 1159 1467 etsi
1191 1440 1270 1466 non
1312 1440 1469 1474 nomen,
1511 1432 1697 1468 attamen

99 1523 142 1545 20
162 1506 315 1542 sectam
337 1498 640 1545 Christianam,
657 1512 761 1551 quae
784 1496 879 1537 deos
901 1495 1091 1549 neyleyit.
1134 1493 1292 1535 Minue.
1312 1496 1366 1535 40
1382 1492 1401 1550 ξ
1419 1496 1456 1535 2.
1494 1494 1686 1537 Prudenb

164 1568 308 1611 Contr.
333 1567 497 1622 Symm.
519 1578 552 1607 ΙΙ
584 1568 650 1608 93.
673 1568 740 1608 96.
773 1596 776 1600 Δ
800 1565 959 1620 Apoth.
983 1564 1114 1619 praef.
1137 1575 1171 1603 ΙΙ
1196 1567 1233 1604 1.
1291 1563 1408 1604 Lact.
1430 1564 1495 1604 De
1523 1564 1636 1620 Opis.
1661 1568 1681 1605 1

251 1652 291 1693 p.
316 1639 396 1678 116
427 1636 449 1676 l.
474 1638 529 1677 34
561 1647 730 1676 IGNEVS
763 1645 906 1675 IMBER
938 1633 1102 1674 Paulin.
1133 1633 1229 1674 Nol.
1260 1648 1291 1674 c.
1322 1635 1375 1674 23
1406 1635 1502 1674 221.
1554 1634 1696 1675 Rufin.

165 1707 279 1748 Hisn.
304 1705 416 1746 Eccl.
437 1716 452 1745 Ι
477 1708 497 1745 1
523 1719 563 1760 p.
587 1706 639 1745 13
658 1703 930 1758 populatione
952 1703 1066 1756 igynei
1086 1702 1246 1743 imbris.

251 1786 385 1823 SIQVA
416 1781 494 1815 cet.
526 1772 843 1828 Pseudo-Cypr.
865 1772 931 1812 Do
964 1771 1150 1812 Sodoma
1180 1773 1349 1812 134—8
1379 1771 1699 1827 semiperempta

100 1868 143 1900 25
164 1847 293 1887 etiam
340 1845 464 1898 siqua
512 1843 604 1884 illio
650 1844 800 1897 iuyera
849 1842 983 1883 laetas
1035 1839 1039 1896 Ι
1094 1841 1290 1881 autumni
1341 1847 1544 1882 conantur
1595 1857 1698 1897 opes,

153 1916 292 1971 facile
325 1914 484 1969 optima
517 1928 600 1954 sese
641 1912 646 1964 Ι
685 1912 939 1967 promittant
974 1911 1105 1951 oeulis
1140 1911 1248 1964 pira
1282 1911 1452 1965 persica
1486 1917 1522 1952 et
1555 1912 1698 1953 omnia

167 1987 286 2034 mela,
313 1984 318 2039 1
347 1985 472 2026 donee
500 1988 753 2038 carpantur:
786 1997 887 2022 nam
903 1981 1101 2036 protinus
1123 1980 1259 2021 indice
1280 1985 1393 2020 taeta
1420 1978 1423 2035 Ι
1453 1981 1634 2022 soluitur
1654 1963 1720 2022 in.

165 2056 344 2097 cinerem
375 2053 502 2095 uacui
522 2052 715 2107 fallacia
740 2052 875 2107 pomi.
935 2050 1030 2091 Tac.
1056 2049 1170 2090 Hist.
1194 2061 1224 2089 V
1248 2048 1270 2089 7
1295 2049 1410 2090 hand
1431 2050 1583 2104 procat
1604 2050 1702 2091 inde

167 2124 310 2180 campi
330 2139 431 2178 quos
451 2123 605 2178 ferunt
628 2122 729 2163 olim
751 2121 894 2162 uberes
917 2120 1161 2174 maynisque
1182 2119 1351 2159 urbibus
1379 2118 1586 2160 habitatos
1605 2119 1701 2174 fid-

102 2215 147 2246 30
167 2195 328 2235 minum
360 2193 475 2234 iacta
497 2192 662 2240 arsisse,
685 2197 722 2232 et
744 2205 912 2232 manere
933 2190 1116 2242 uestiqia
1138 2195 1377 2243 terramque
1398 2189 1549 2242 ipsam,
1571 2189 1703 2243 specie

167 2263 388 2310 torridam,
410 2261 500 2301 uim
521 2260 747 2316 fruyifera
756 2275 794 2300 m
822 2258 1075 2313 perdidisse.
1135 2272 1234 2298 nam
1257 2263 1406 2298 cancta
1426 2262 1568 2311 sponte
1590 2257 1703 2298 edita

168 2339 242 2374 ant
263 2347 394 2372 manu
414 2336 521 2377 sata,
542 2330 631 2371 siue
652 2329 781 2370 herba
801 2335 919 2370 tenus
941 2333 1015 2368 aut
1034 2328 1155 2382 flore,
1178 2342 1248 2367 seu
1269 2326 1440 2367 solitam
1460 2326 1506 2366 inv
1527 2327 1704 2380 speeiem

169 2400 401 2447 adoleuere,
417 2406 517 2441 atra
533 2405 571 2440 et
592 2399 745 2440 inania
761 2398 877 2439 uelut
892 2398 937 2438 in
960 2397 1140 2438 cinerem
1163 2401 1402 2437 szcanesount.
1453 2395 1619 2450 Ioseph.
1638 2395 1703 2436 De

170 2471 275 2511 Bell.
297 2470 390 2511 Iud.
421 2481 469 2509 {V
502 2472 526 2509 8
558 2467 577 2524 ἓ
608 2470 634 2509 4
668 2468 760 2518 ἥτις
793 2467 888 2508 ἐστὶ
911 2465 1049 2522 πικρὰ
1079 2465 1292 2519 μὲν...καὶ
1323 2463 1703 2521 ἄγονος...Ὑειτνιᾷ

105 2555 148 2586 35
172 2538 215 2580 δὲ
237 2540 262 2591 ἡ
287 2537 518 2591 Σοδομῖτις
548 2537 670 2591 αὐτῇ,
693 2536 835 2578 πάλαι
859 2536 935 2583 μὲν
959 2534 1174 2588 εὐδαίμων
1198 2537 1254 2588 «γῆ
1285 2534 1468 2586 καρπῶν
1499 2551 1546 2574 τε
1578 2533 1703 2575 ἕνεκα

171 2607 241 2648 καὶ
266 2610 342 2658 τῆς
364 2605 476 2647 κατὰ
501 2604 651 2647 πόλεις
674 2603 945 2660 περιουσίας,
970 2606 1043 2645 νῦν
1067 2603 1111 2644 δὲ
1140 2601 1382 2655 κεκαυμένη
1407 2604 1554 2642 πᾶσα·
1589 2602 1702 2655 φασὶ

172 2675 216 2716 δὲ
239 2675 292 2718 ὡς
316 2673 370 2714 δι’
394 2673 608 2724 ἀσέβειαν
640 2671 878 2728 οἰκητόρων
911 2673 1132 2726 κεραυνοῖς
1163 2668 1435 2725 κατεφλέγη·
1475 2668 1572 2711 ἔστι
1601 2672 1705 2721 γοῦν

170 2743 236 2785 ἔτι
257 2743 455 2798 λείψανα
476 2745 553 2784 τοῦ
577 2741 693 2784 θείου
715 2741 864 2797 πυρός,
886 2741 958 2782 καὶ
982 2740 1112 2782 πέντε
1133 2739 1212 2792 μὲν
1237 2737 1412 2781 πόλεων
1436 2737 1542 2780 ἰδεῖν
1564 2739 1705 2788 σκιάς,
