1827 3004
438 782 889 830 TERTVLLIAN
892 783 917 828 I
964 780 1491 829 APOLOGETIGVS

279 925 319 964 1.
379 924 421 965 Si
447 938 532 964 non
559 924 659 963 licet
684 922 819 971 uobis,
845 922 1032 962 Romani
1058 922 1225 975 imperii
1252 922 1483 971 antistites,
1510 922 1555 962 in
1581 926 1731 976 aperto

197 1007 240 1042 et
271 1001 398 1049 edito,
432 1001 470 1041 in
506 1001 597 1054 ipso
630 1000 715 1039 fere
747 1000 906 1040 uertice
939 999 1129 1039 ciuitatis
1161 998 1506 1052 praesidentibus
1537 998 1593 1039 ad
1622 999 1731 1039 iudi-

198 1078 383 1118 candum
406 1078 549 1131 palam
571 1077 776 1131 dispicere
799 1082 841 1116 et
864 1091 1007 1116 coram
1031 1076 1277 1116 examinare
1300 1075 1405 1129 quid
1425 1076 1482 1116 sit
1502 1075 1666 1129 liquido
1687 1076 1731 1116 in

1754 1073 1808 1102 „if

1777 1106 1779 1117 Ι

197 1169 324 1195 causa
368 1155 719 1202 Christianorum,
763 1153 797 1193 si
839 1153 894 1193 ad
938 1153 1048 1192 hanc
1089 1152 1225 1193 solam
1267 1152 1452 1206 speciem
1494 1152 1732 1192 auctoritas

200 1238 339 1272 uestra
365 1232 417 1271 de
440 1231 631 1272 iustitiae
655 1230 875 1285 diligentia
900 1230 943 1270 in
968 1229 1140 1284 publico
1165 1235 1243 1270 aut
1267 1229 1395 1270 timet
1417 1234 1496 1269 aut
1520 1228 1732 1269 erubescit

196 1309 418 1362 inquirere,
447 1309 480 1348 si
506 1308 703 1361 denique,
732 1307 849 1361 quod
874 1307 1068 1361 proxime
1094 1306 1264 1355 accidit,
1293 1305 1539 1346 domesticis
1563 1305 1732 1346 iudiciis

198 1385 322 1425 nimis
347 1391 524 1438 operata
549 1385 769 1425 infestatio
795 1390 937 1425 sectae
962 1384 1088 1425 huius
1113 1384 1302 1424 obstruit
1327 1383 1577 1432 defensioni,
1604 1383 1732 1424 liceat

197 1465 369 1504 ueritati
399 1465 466 1504 uel
495 1464 663 1504 occulta
693 1465 763 1504 uia
793 1464 1027 1504 tacitarum
1055 1463 1299 1504 litterarum
1328 1462 1384 1502 ad
1413 1476 1537 1503 aures
1564 1468 1732 1503 uestras

198 1544 430 1597 peruenire.
491 1543 606 1583 Nihil
640 1543 691 1583 de
725 1557 854 1583 causa
887 1557 963 1583 sua
998 1542 1266 1596 deprecatur,
1302 1542 1403 1595 quia
1436 1544 1523 1582 nec‘
1547 1542 1600 1582 de
1633 1556 1730 1582 con-

194 1620 359 1660 dicione
403 1620 595 1660 miratur.
657 1620 746 1660 Scit
789 1634 831 1659 se
876 1619 1143 1673 peregrinam
1185 1619 1229 1658 in
1272 1618 1395 1659 terris
1438 1633 1574 1673 agere,
1619 1619 1733 1659 inter

196 1705 421 1739 extraneos
469 1698 590 1738 facile
638 1699 833 1739 inimicos
880 1699 1085 1747 inuenire,
1136 1704 1327 1739 ceterum
1375 1712 1520 1753 genus,
1571 1698 1729 1748 sedem,

197 1790 328 1829 spem,
375 1776 571 1830 gratiam,
618 1776 875 1830 dignitatem
919 1776 963 1816 in
1008 1775 1136 1815 caelis
1180 1775 1349 1816 habere.
1410 1775 1557 1815 Unum
1602 1776 1733 1829 gestit

196 1854 425 1897 interdum,
456 1868 508 1893 ne
535 1854 731 1907 ignorata
760 1854 1004 1894 damnetur.
1067 1853 1179 1902 Quid
1207 1853 1275 1893 hic
1303 1853 1470 1907 deperit
1496 1853 1660 1907 legibus
1687 1853 1732 1893 in

196 1944 273 1969 suo
292 1944 418 1983 regno
438 1930 774 1979 dominantibus,
795 1931 829 1971 si
847 1931 1078 1971 audiatur?
1140 1930 1205 1970 An
1227 1930 1306 1970 hoc
1325 1930 1462 1984 magis
1478 1929 1733 1984 gloriabitur

197 2014 389 2061 potestas
429 2024 586 2058 eorum,
628 2025 712 2063 quo
752 2010 883 2050 etiam
922 2010 1118 2050 auditam
1157 2009 1433 2050 damnabunt
1469 2010 1728 2050 ueritatem?

196 2088 395 2128 Ceterum
430 2089 670 2129 inauditam
707 2090 741 2129 si
777 2090 999 2138 damnent,
1038 2095 1208 2143 praeter
1242 2089 1453 2129 inuidiam
1487 2089 1732 2143 iniquitatis

198 2167 329 2207 etiam
362 2168 645 2221 suspicionem
680 2168 959 2208 merebuntur
991 2168 1170 2208 alicuius
1203 2168 1502 2217 conscientiae,
1538 2168 1732 2209 nolentes

198 2245 345 2285 audire
390 2246 505 2299 quod
549 2246 747 2286 auditum
792 2246 998 2286 damnare
1042 2261 1124 2286 non
1173 2246 1353 2300 possint.
1413 2246 1541 2286 Hanc
1582 2246 1732 2300 itaque

201 2325 381 2377 primam
424 2340 597 2365 causam
640 2325 755 2378 apud
799 2340 875 2366 uos
919 2326 1176 2366 collocamus
1218 2326 1462 2380 iniquitatis
1505 2326 1591 2366 odii
1633 2340 1732 2380 erga

203 2418 355 2444 nomen
403 2404 753 2445 Christianorum.
815 2404 954 2453 Quam
1000 2405 1279 2459 iniquitatem
1325 2405 1440 2445 idem
1487 2405 1640 2445 titulus
1689 2410 1732 2445 et

201 2489 349 2523 onerat
389 2488 431 2523 et
470 2484 651 2524 reuincit
690 2484 763 2537 qui
803 2484 975 2524 uidetur
1015 2499 1230 2534 excusare,
1271 2485 1515 2539 ignorantia
1555 2484 1729 2525 scilicet.

204 2562 314 2610 Quid
343 2563 454 2601 enim
482 2563 681 2616 iniquius,
713 2578 843 2617 quam
872 2570 921 2604 ut
949 2565 1119 2605 oderint
1148 2565 1341 2605 homines
1370 2565 1487 2618 quod
1514 2565 1729 2618 ignorant,

203 2643 331 2681 ctiam
374 2643 405 2682 si
450 2658 513 2683 res
556 2650 742 2684 meretur
784 2645 958 2686 odium?
1021 2646 1141 2686 Tunc
1183 2647 1343 2686 etenim
1387 2651 1586 2695 meretur,
1632 2659 1731 2686 cum

202 2721 469 2770 cognoscitur
493 2736 547 2762 an
573 2729 798 2764 mereatur.
860 2725 1053 2765 Vacante
1078 2730 1225 2765 autem
1251 2725 1393 2765 meriti
1418 2725 1587 2774 notitia,
1615 2725 1730 2766 unde

1751 1239 1771 1269 5

1754 1634 1797 1655 10

1756 2026 1795 2056 Ι5

1753 2419 1827 2439 20-
