1827 3004
137 145 190 183 46
707 131 1106 175 TERTVLLIANI

136 269 222 296 non
237 253 388 302 colitis,
405 250 637 292 offenditis.
698 245 913 288 Praelatio
928 244 1106 285 alterius
1119 243 1209 284 sine
1224 242 1401 283 alterius
1415 240 1677 282 contumelia

135 346 223 372 non
248 335 393 384 potest
418 327 658 383 procedere,
686 324 788 378 quia
812 336 889 362 nec
915 321 1065 361 electio
1090 320 1181 361 sine
1203 319 1520 374 reprobatione.
1580 317 1676 358 Iam

137 423 234 463 ergo
267 404 544 447 contemnitis
574 416 682 457 quos
717 399 971 454 reprobatis,
1005 412 1113 452 quos
1149 395 1421 450 reprobando
1460 394 1677 435 offendere

136 500 222 526 non
242 483 417 525 timetis.
478 481 605 529 Nam,
622 484 671 519 ut
689 492 819 532 supra
834 475 1205 530 praestrinximus,
1221 479 1364 514 status
1383 473 1451 514 dei
1470 473 1676 526 cuiusque

135 562 180 602 in
204 565 380 601 senatus
403 556 706 598 aestimatione
731 553 962 608 pendebat.
1023 552 1143 592 Deus
1164 565 1251 592 non
1276 555 1370 591 erat
1393 564 1522 604 quem
1546 550 1675 590 homo
1695 562 1715 593 5

136 641 358 682 consultus
391 638 599 679 noluisset
632 641 677 676 et
709 633 894 675 nolendo
930 633 1193 673 damnasset.
1253 630 1525 671 Domesticos
1559 629 1673 677 deos,

137 736 244 776 quos
279 720 408 760 Lares
442 717 597 766 dicitis,
635 715 872 756 domestica
907 717 1127 767 potestate
1161 711 1362 753 tractatis
1396 710 1673 765 pignerando

135 799 416 847 uenditando‚
448 795 716 838 demutando
745 793 980 847 aliquando
1009 792 1053 832 in
1082 791 1363 832 caccabulum
1392 790 1445 831 de
1474 790 1674 838 Saturno,

136 880 370 935 aliquando
400 879 445 919 in
476 877 650 918 trullam
682 876 735 916 de
766 875 973 923 Minerua,
1007 878 1058 914 ut
1088 873 1271 927 quisque
1301 872 1514 913 contritus
1545 876 1677 924 atque

137 967 343 1002 contusus
370 964 446 1007 est,
476 958 580 998 dum
608 956 682 997 diu
709 955 875 1003 colitur,
905 958 955 994 ut
982 953 1164 1007 quisque
1190 952 1391 993 dominus
1417 951 1676 992 sanctiorem
1700 967 1742 988 10

137 1046 341 1095 expertus
362 1044 426 1079 est
446 1037 729 1079 domesticam
750 1034 1067 1075 necessitatem.
1127 1031 1329 1072 Publicos
1348 1045 1484 1085 aeque
1504 1030 1677 1085 publico

133 1122 226 1162 iure
260 1119 457 1167 foedatis,
495 1132 603 1171 quos
636 1117 680 1157 in
715 1115 906 1155 hastario
941 1112 1173 1168 uectigales
1208 1111 1390 1153 habetis.
1452 1111 1520 1152 Sic
1554 1111 1675 1165 Capi-

136 1201 303 1249 tolium,
327 1200 386 1240 sic
407 1199 627 1239 olitorium
650 1197 790 1237 forum
812 1195 998 1250 petitur3
1037 1194 1117 1235 sub
1140 1193 1291 1234 eadem
1312 1207 1419 1233 uoce
1439 1191 1674 1246 praeconis,

135 1281 215 1323 sub
246 1281 396 1321 eadem
426 1280 564 1328 hasta,
596 1278 675 1319 sub
707 1277 857 1317 eadem
887 1275 1172 1316 adnotatione
1201 1273 1442 1328 quaestoris
1471 1273 1677 1313 diuinitas

137 1362 312 1403 addicta
357 1360 626 1401 conducitur.
699 1357 783 1399 Sed
821 1356 935 1397 enim
975 1355 1064 1409 agri
1103 1354 1269 1395 tributo
1309 1354 1454 1395 onusti
1492 1353 1675 1403 uiliores,
1699 1369 1741 1400 15

136 1442 361 1482 hominum
400 1440 545 1493 capita
584 1437 799 1492 stipendio
840 1450 966 1476 censa
1003 1434 1258 1489 ignobiliora
1298 1435 1417 1486 (nam
1457 1433 1537 1474 hae
1575 1438 1679 1474 sunt

137 1505 266 1562 notae
292 1519 594 1574 captiuitatis),
622 1517 690 1558 dei
714 1531 816 1557 uero
842 1515 916 1569 qui
941 1515 1077 1569 magis
1102 1514 1334 1563 tributarii,
1362 1514 1498 1568 magis
1523 1513 1674 1561 sancti,

134 1602 269 1642 imino
292 1601 365 1655 qui
388 1600 524 1654 magis
545 1598 697 1647 sancti,
722 1597 859 1651 magis
880 1595 1113 1636 tributarii.
1174 1594 1377 1635 Maiestas
1401 1593 1675 1648 quaestuaria

132 1682 332 1722 efficitur.
393 1680 554 1722 Circuit
589 1692 809 1732 cauponas
843 1676 989 1731 religio
1025 1676 1289 1717 mendicans.
1349 1674 1534 1729 Exigitis
1569 1688 1676 1714 mer-

138 1763 285 1803 cedem
312 1776 389 1816 pro
416 1761 505 1802 solo
533 1760 697 1814 templi,
727 1773 803 1813 pro
831 1758 956 1799 aditu
982 1757 1103 1798 sacri.
1164 1757 1263 1797 Non
1289 1756 1390 1797 licet
1416 1756 1519 1796 deos
1544 1755 1677 1809 gratis
1698 1770 1743 1792 20

136 1857 282 1891 nosse3
327 1841 501 1882 uenales
528 1845 643 1881 sunt.
706 1839 819 1888 Quid
847 1837 1023 1879 omnino
1051 1837 1108 1877 ad
1134 1836 1410 1877 honorandos
1436 1849 1508 1875 eos
1535 1834 1679 1875 facitis

138 1922 255 1976 quod
290 1936 372 1962 non
412 1921 544 1961 etiam
580 1919 763 1959 mortuis
797 1917 953 1958 uestris
988 1915 1247 1957 conferatis?
1309 1915 1448 1955 Aedes
1483 1914 1676 1968 proinde,

138 2016 233 2042 aras
262 2000 452 2055 proinde.
513 1999 637 2039 Idem
665 1998 842 2039 habitus
870 2003 913 2037 et
939 1996 1124 2051 insignia
1149 1995 1193 2036 in
1221 1995 1391 2036 statuis.
1452 1994 1515 2035 Ut
1542 1999 1675 2037 aetas,

139 2088 189 2123 ut
223 2097 303 2131 ars,
340 2087 391 2122 ut
424 2081 646 2135 negotium
682 2079 842 2120 mortui
877 2078 974 2127 fuit,
1010 2077 1073 2118 ita
1109 2076 1214 2116 deus
1249 2080 1326 2116 est.
1404 2074 1497 2123 Quo
1533 2073 1679 2114 differt

138 2162 193 2203 ab
230 2162 354 2216 epulo
390 2161 508 2201 Iouis
543 2159 829 2200 silicernium?
884 2172 909 2198 a
944 2156 1129 2211 simpulo
1165 2155 1306 2196 obba?
1361 2155 1416 2195 ab
1452 2153 1677 2207 haruspice
1698 2171 1741 2202 25

139 2241 393 2294 pollinctor?
455 2239 569 2279 Nam
610 2244 653 2279 et
692 2238 907 2291 haruspex
948 2235 1131 2276 mortuis
1170 2239 1365 2289 apparet.
1428 2233 1511 2274 Sed
1551 2233 1678 2287 digne

138 2319 472 2374 imperatoribus
499 2318 715 2359 defunctis
744 2318 950 2357 honorem
979 2315 1223 2356 diuinitatis
1251 2314 1418 2363 dicatis,
1449 2313 1607 2367 quibus
1634 2317 1678 2352 et

139 2400 388 2440 uiuentibus
429 2413 526 2439 eum
566 2398 779 2438 addicitis.
840 2396 1031 2449 Accepto
1071 2394 1211 2434 ferent
1250 2393 1318 2434 dei
1356 2393 1502 2442 uestri,
1543 2393 1677 2433 immo

135 2476 487 2531 gratulabuntur,
533 2475 649 2529 quod
691 2488 815 2529 pares
857 2473 916 2513 eis
957 2472 1067 2512 fiant
1109 2471 1272 2523 domini
1314 2470 1392 2511 sui.
1453 2470 1537 2511 Sed
1578 2484 1676 2510 cum

140 2556 418 2596 Larentinam
468 2555 690 2608 publicum
740 2535 944 2599 scortuiii,
996 2552 1126 2592 uelim
1176 2551 1321 2592 saltim
1371 2549 1549 2590 Laidem
1600 2555 1677 2589 aut
1697 2565 1742 2596 30

139 2635 355 2688 Phrynen,
394 2635 506 2674 inter
543 2634 732 2674 Iunones
770 2639 813 2673 et
850 2633 1019 2673 Cereres
1057 2637 1101 2672 et
1137 2631 1301 2671 Dianas
1338 2629 1538 2674 adoretis,
1579 2643 1677 2669 cum

140 2715 357 2756 Simonem
396 2714 570 2768 Magum
608 2719 756 2754 statua
794 2719 837 2754 et
873 2712 1152 2765 inscriptione
1189 2711 1337 2752 Sancti
1374 2709 1453 2750 Dei
1497 2709 1674 2763 inaugu-

139 2795 257 2843 ratis,
295 2809 393 2834 cum
428 2794 480 2834 de
516 2794 789 2848 paedagogiis
824 2792 972 2833 aulicis
1006 2792 1149 2833 nescio
1185 2806 1314 2846 quem
1353 2789 1508 2844 synodi
1547 2789 1677 2830 deum
