1827 3004
110 80 132 118 7
137 79 162 119 8
676 75 1073 116 TERTVLLIANI

109 192 308 233 Ceterum
334 189 597 231 testudinem
624 183 805 242 decoqui
831 202 930 229 cum
956 190 1156 231 carnibus
1182 190 1357 244 pecudis
1383 191 1569 245 Pythius
1594 206 1642 233 eo

109 277 237 318 modo
262 275 531 317 renuntiauit
555 289 640 329 quo
665 289 794 328 supra
820 275 1030 325 diximus;
1071 282 1292 317 momento
1317 277 1435 331 apud
1459 277 1643 331 Lydiam

109 363 264 403 fuerat..
324 361 504 401 Habent
531 360 583 400 de
610 359 803 401 incolatu
831 360 939 401 aeris
968 366 1011 402 et
1039 360 1091 401 de
1118 361 1276 402 uicinia
1304 361 1492 402 siderum
1519 367 1564 403 et
1591 362 1644 403 de

110 447 363 488 commercio
395 445 578 486 nubium
611 445 814 486 caelestes
847 459 995 499 sapere
1027 451 1267 500 paraturas,
1302 452 1353 487 ut
1385 452 1429 487 et
1460 447 1641 501 pluuias,

109 546 216 586 quas
237 532 325 572 iam
347 531 554 579 sentiunt,
579 531 900 584 repromittant.
962 531 1149 572 Benefici
1172 532 1299 586 plane
1322 537 1365 573 et
1387 532 1498 573 circa
1521 546 1644 573 curas
1662 546 1682 578 5

108 616 412 657 ualitudinum.
474 615 675 656 Laedunt
692 616 805 656 enim
824 616 975 670 primo,
996 616 1149 657 dehinc
1167 617 1355 658 remedia
1373 617 1645 672 praecipiunt

108 702 163 742 ad
180 702 435 742 miraculum
451 715 566 741 noua
583 701 673 741 siue
690 701 918 751 contraria,
937 706 1037 755 post
1053 715 1166 755 quae
1182 702 1386 743 desinunt
1401 703 1581 752 laedere,
1601 708 1645 743 et

109 801 277 828 curasse
298 787 545 828 creduntur.
607 786 720 836 Quid
741 801 839 842 ergo
860 787 913 827 de
934 787 1084 828 ceteris
1103 788 1283 843 ingeniis
1303 789 1371 829 uel
1393 789 1524 829 etiam
1544 789 1642 829 uiri-

107 874 188 915 bus
218 873 413 913 fallaciae
442 872 647 927 spiritalis
678 872 935 913 edisseram?
985 873 1296 927 phantasmata
1326 873 1566 924 Castorum,
1601 880 1644 915 et

107 973 266 1013 aquam
286 958 423 998 cribro
442 962 671 1012 gestatam,
693 963 736 998 et
753 972 911 998 nauem
930 958 1099 1013 cingulo
1118 964 1376 1013 promotam,
1399 964 1443 1000 et
1459 959 1641 1000 barbam
1664 975 1707 998 10

107 1050 230 1086 tactu
253 1043 504 1093 inrufatam,
531 1048 582 1084 ut
604 1043 784 1084 numina
808 1043 973 1098 lapides
998 1043 1284 1093 crederentur,
1312 1050 1362 1085 ut
1386 1044 1491 1085 deus
1514 1059 1642 1085 uerus

108 1145 195 1171 non
216 1131 519 1184 quaereretur?

189 1277 262 1319 23.
320 1278 466 1327 Porro,
496 1277 532 1319 si
561 1282 605 1318 et
632 1277 747 1332 magi
776 1277 1087 1332 phantasmata
1116 1277 1252 1319 edunt
1280 1283 1324 1319 et
1350 1278 1437 1319 iam
1467 1278 1640 1319 defunc-

107 1368 251 1404 torum
275 1363 493 1404 infamant
517 1363 696 1412 animas,
724 1363 758 1403 si
783 1377 938 1417 pueros
961 1363 1006 1403 in
1031 1363 1249 1417 eloquium
1275 1363 1435 1404 oraculi
1461 1363 1639 1413 elidunt,

106 1449 141 1490 si
168 1449 306 1490 multa
334 1448 540 1489 miracula
568 1448 848 1489 circulatoriis
875 1449 1117 1503 praestigiis
1142 1449 1313 1498 ludunt,
1343 1449 1377 1490 si
1406 1455 1449 1490 et
1475 1449 1642 1490 somnia
1663 1464 1705 1498 15

105 1534 353 1575 immittunt
370 1534 580 1575 habentes
598 1534 727 1575 semel
745 1534 1033 1575 inuitatorum
1051 1534 1299 1589 angelorum
1319 1539 1363 1575 et
1380 1534 1641 1575 daemonum

106 1619 389 1661 adsistentem
425 1619 507 1660 sibi
543 1625 821 1674 potestatem,
860 1633 935 1673 per
972 1634 1080 1674 quos
1118 1625 1161 1660 et
1198 1633 1352 1674 caprae
1389 1625 1433 1661 et
1468 1634 1642 1661 mensae

107 1706 301 1747 diuinare
327 1711 601 1756 consuerunt,
631 1711 796 1760 quanto
824 1706 960 1760 magis
986 1720 1035 1746 ea
1061 1710 1256 1760 potestas
1281 1705 1334 1746 de
1360 1720 1436 1746 suo
1464 1706 1641 1747 arbitrio

108 1797 152 1832 et
181 1806 257 1845 pro
288 1806 364 1832 suo
394 1792 567 1847 negotio
599 1791 776 1832 studeat
805 1792 910 1833 totis
939 1791 1104 1832 uiribus
1134 1791 1300 1845 operari
1331 1791 1448 1845 quod
1478 1791 1642 1832 alienae

107 1882 301 1930 praestat
333 1877 639 1930 negotiationi!
706 1877 796 1918 Aut
829 1877 862 1917 si
898 1876 1047 1917 eadem
1083 1882 1126 1917 et
1159 1876 1297 1931 angeli
1333 1881 1376 1917 et
1409 1876 1640 1918 daemones
1661 1893 1706 1916 20

108 1968 342 2016 operantur
357 1977 468 2017 quae
483 1968 526 2003 et
540 1963 607 2003 dei
622 1963 767 2012 uestri,
785 1962 859 2003 ubi
875 1967 939 2003 est
954 1976 1051 2017 ergo
1066 1962 1367 2016 praecellentia
1382 1962 1638 2013 diuinitatis,

107 2061 239 2101 quam
263 2049 414 2102 utique
437 2049 698 2103 superiorem
722 2048 839 2102 omni
862 2053 1081 2102 potestate
1104 2047 1365 2088 credendum
1390 2049 1480 2089 est?
1542 2048 1641 2089 Non

108 2147 204 2187 ergo
235 2134 404 2188 dignius
434 2139 733 2188 praesumetur
761 2134 876 2188 ipsos
907 2147 995 2174 esse
1025 2133 1099 2187 qui
1129 2147 1172 2173 se
1202 2133 1304 2174 deos
1334 2133 1509 2183 faciant,
1542 2147 1639 2174 cum

107 2218 256 2258 eadem
289 2219 422 2260 edant
453 2233 563 2272 quae
595 2219 759 2260 faciant
790 2219 892 2259 deos
924 2218 1050 2267 credi,
1085 2233 1217 2272 quam
1249 2233 1372 2272 pares
1404 2219 1564 2273 angelis
1596 2224 1641 2260 et

106 2304 388 2345 daemonibus
443 2304 546 2344 deos
601 2305 716 2345 esse?
778 2303 989 2344 Locorum
1046 2303 1288 2345 differentia
1344 2304 1636 2359 distinguitur,
1658 2322 1701 2354 25

107 2389 270 2443 opinor,
292 2395 343 2430 ut
362 2404 386 2429 a
407 2390 579 2444 templis
599 2390 701 2430 deos
721 2390 976 2431 existimetis
997 2404 1104 2444 quos
1124 2389 1225 2430 alibi
1246 2389 1347 2430 deos
1366 2404 1453 2430 non
1473 2390 1636 2439 dicitis3

106 2479 157 2515 ut
186 2474 308 2515 aliter
337 2475 574 2515 dementire
603 2475 804 2516 uideatur
833 2476 906 2529 qui
936 2489 1078 2516 sacras
1106 2480 1246 2516 turres
1274 2475 1483 2529 peruolat,
1515 2475 1639 2516 aliter

107 2559 179 2612 qui
210 2564 325 2600 tecta
355 2560 537 2600 uiciniae
566 2560 766 2609 transilit,
799 2566 843 2601 et
871 2560 954 2601 alia
984 2561 1050 2601 uis
1078 2560 1383 2614 pronuntietur
1411 2560 1455 2600 in
1486 2574 1534 2601 eo
1564 2561 1637 2614 qui

106 2644 309 2697 genitalia
340 2644 409 2685 uel
441 2645 635 2695 lacertos,
671 2645 754 2685 alia
787 2645 860 2699 qui
893 2645 973 2686 sibi
1005 2645 1151 2700 gulam
1183 2650 1393 2699 prosecat.
1453 2644 1638 2699 Compar

107 2729 247 2770 exitus
286 2729 440 2770 furoris
480 2735 524 2771 et
562 2744 648 2771 una
688 2731 798 2771 ratio
840 2736 905 2772 est
942 2731 1245 2786 instigationis.
1305 2730 1388 2772 Sed
1428 2730 1637 2771 hactenus
1656 2747 1701 2779 30
