1827 3004
215 82 291 121 146
767 77 1179 119 -TERTVLLIANI

214 192 320 234 tiam
352 192 510 233 doloris
541 197 584 232 et
614 191 765 232 mortis
796 191 1040 240 hortantur,
1073 196 1123 231 ut
1153 190 1297 231 Cicero
1328 190 1372 230 in
1403 190 1668 239 Tusculanis,
1700 195 1752 231 ut

213 261 373 302 Seneca
406 261 450 302 in
485 261 707 309 Fortuitis,
744 265 795 300 ut
828 260 1054 314 Diogenes,
1091 264 1142 300 ut
1175 259 1385 312 Pyrrhon‚
1422 263 1473 299 ut
1507 258 1748 299 Callinicus.

214 329 302 369 Nec
335 335 483 369 tamen
516 334 664 369 tantos
695 327 926 368 inueniunt
959 327 1091 368 uerba
1124 327 1357 382 discipulos
1390 332 1578 381 quantos
1612 327 1749 368 Chris-

213 398 320 438 tiani
352 398 479 438 factis
510 397 717 437 docendo.
778 396 857 436 Illa
888 396 983 450 ipsa
1014 396 1264 445 obstinatio,
1299 409 1431 450 quam
1464 395 1747 450 exprobratis,

212 467 418 521 magistra
450 471 526 506 est.
589 465 692 514 Quis
723 465 837 505 enim
866 479 954 505 non
985 464 1352 518 contemplatione
1383 464 1472 504 eius
1503 464 1750 505 concutitur
1771 482 1790 512 5

213 535 269 575 ad
293 534 598 588 requirendum
624 534 729 588 quid
752 533 871 574 intus
896 533 940 573 in
965 547 1010 573 re
1034 533 1117 574 sit?
1162 533 1258 587 quis
1282 547 1382 582 non,
1409 532 1484 573 ubi
1509 533 1747 587 requisiuit,

213 603 406 643 accedit?
464 602 539 643 ubi
579 602 770 651 accessit,
812 602 905 656 pati
946 607 1140 656 exoptat,
1184 606 1234 642 ut
1273 607 1415 642 totam
1456 601 1524 642 dei
1563 601 1749 656 gratiam

212 672 409 721 redimat,
450 676 501 712 ut
537 685 710 711 omnem
748 670 921 711 ueniam
959 670 1014 711 ab
1053 684 1102 711 eo
1141 670 1493 724 compensatione
1530 670 1750 725 sanguinis

212 741 277 780 sui
301 740 529 794 expediat?
593 739 748 780 Omnia
771 739 885 779 enim
908 739 1007 779 huic
1029 739 1147 793 operi
1168 739 1326 780 delicta
1348 739 1580 779 donantur.
1641 738 1749 778 Inde

213 814 289 859 est,
329 808 446 863 quod
481 808 642 849 ibidem
679 808 904 848 sententiis
942 808 1095 848 uestris
1131 808 1293 862 gratias
1329 807 1508 863 agimus.
1585 807 1647 848 Ut
1685 812 1750 848 est
1773 821 1816 843 10

211 877 444 918 aemulatio
479 877 652 917 diuinae
686 877 744 918 rei
780 882 824 917 et
858 877 1086 925 humanae,
1123 891 1222 917 cum
1256 876 1517 917 damnamur
1550 890 1575 916 a
1610 875 1747 925 uobis,

213 961 236 986 a
267 946 347 987 deo
378 946 658 987 absoluimur.
