1827 3004
136 106 160 143 Β
699 99 1095 141 TERTVLLIANI

138 217 394 270 quibusdam
433 215 695 263 Christianis,
736 214 995 267 quibusdam
1032 213 1167 267 gradu
1205 213 1350 267 pulsis,
1389 213 1482 266 ipsa
1519 218 1666 253 tamen

139 305 413 345 multitudine
438 304 729 358 perturbatus,
757 302 861 356 quid
887 302 939 341 de
965 307 1105 342 cetero
1132 306 1289 356 ageret,
1319 301 1535 341 consuluit
1560 306 1666 341 tunc

139 393 368 432 Traianmn
405 392 721 445 imperatorem,
761 390 963 443 adlegans
1000 394 1170 442 praeter
1207 388 1546 429 obstinationem
1581 402 1669 428 non

136 481 399 522 sacrificandi
442 480 545 520 nihil
585 479 701 519 aliud
741 493 785 518 se
825 478 878 518 de
918 477 1198 518 sacramentis
1239 490 1387 517 eorum
1428 432 1742 529 conperissexs

141 584 268 623 quam
301 575 447 609 coetus
477 568 756 608 antelucanos
786 567 841 607 ad
872 566 1114 606 canendum
1145 566 1313 606 Christo
1345 570 1388 605 et
1417 565 1510 613 deo,
1543 570 1587 605 et
1616 564 1669 605 ad
1691 580 1709 611 5

141 657 527 697 confoederandam
547 655 829 709 disciplinam,
851 655 1143 704 homicidium,
1165 654 1438 703 adulterium,
1460 654 1670 702 fraudem,

143 745 362 799 perfidiam
383 751 425 785 et
445 750 583 784 cetera
604 743 759 784 scelera
780 743 1068 797 prohibentes.
1131 744 1250 784 Tunc
1270 743 1478 783 Traianus
1497 741 1671 795 rescrip-

141 835 195 874 sit
221 834 298 873 hoc
322 848 454 887 genus
477 833 753 886 inquirendos
777 832 951 886 quidem
975 847 1062 872 non
1086 845 1187 880 esse,
1213 831 1382 872 oblatos
1406 845 1507 871 uero
1531 828 1673 884 puniri

141 927 348 975 oportere.
411 920 445 961 Ο
496 920 755 960 sententiam
807 919 1062 960 necessitate
1113 919 1358 960 confusam!
1420 919 1562 973 Negat
1610 917 1672 958 in-

142 1010 370 1063 quirendos
407 1014 457 1049 ut
492 1009 753 1056 innocentes,
794 1013 837 1048 et
874 1007 1056 1048 mandat
1092 1008 1332 1062 puniendos
1369 1012 1420 1048 ut
1455 1011 1672 1047 nocentes.

142 1099 285 1140 Parcit
305 1104 348 1139 et
367 1098 517 1146 saeuit,
539 1097 783 1138 dissimulat
802 1102 846 1138 et
864 1097 1188 1138 animaduertit.
1251 1097 1363 1146 Quid
1383 1096 1674 1150 temetipsam,

142 1202 331 1235 censura,
357 1186 664 1226 circumuenis?
727 1185 769 1225 Si
793 1184 986 1233 damnas,
1013 1199 1087 1225 cur
1108 1199 1195 1225 non
1219 1190 1263 1226 et
1283 1184 1490 1239 inquiris?
1532 1183 1567 1224 si
1589 1197 1676 1223 non

142 1278 331 1331 inquiris,
378 1291 452 1317 cur
494 1291 580 1316 non
625 1281 667 1316 et
710 1275 924 1316 absoluis?
988 1275 1250 1316 Latronibus
1293 1274 1559 1329 uestigandis
1602 1287 1678 1328 per

143 1366 362 1406 uniuersas
380 1364 621 1418 prouincias
639 1363 835 1404 militaris
852 1364 984 1404 statio
1002 1364 1194 1405 sortitur.
1255 1364 1307 1405 In
1325 1378 1418 1404 reos
1436 1362 1677 1403 maiestatis

144 1459 187 1494 et
209 1453 399 1506 publicos
421 1453 564 1492 hostes
584 1452 722 1492 omnis
744 1452 872 1492 homo
894 1452 1014 1492 miles
1036 1458 1122 1501 est3
1161 1452 1217 1493 ad
1237 1453 1386 1501 socios,
1409 1451 1465 1492 ad
1486 1451 1677 1492 conscios

144 1557 278 1596 usque
311 1542 531 1595 inquisitio
567 1541 827 1582 extenditur.
889 1541 1037 1582 Solum
1072 1541 1364 1582 Christianum
1398 1541 1564 1595 inquiri·
1591 1554 1678 1580 non

143 1630 253 1679 licet,
295 1630 435 1670 offerri
473 1630 584 1679 licet,
626 1630 748 1683 quasi
787 1630 905 1670 aliud
944 1636 1056 1671 esset
1094 1635 1245 1671 actura
1283 1629 1506 1683 inquisitio
1546 1643 1678 1683 quam

144 1719 418 1759 oblationem.
479 1719 709 1759 Damnatis
753 1719 902 1773 itaque
948 1719 1145 1760 oblatum
1192 1733 1321 1773 quem
1366 1733 1492 1759 nemo
1538 1718 1679 1758 uoluit

144 1808 410 1861 requisitum,
454 1808 539 1861 qui,
582 1813 703 1862 puto,
745 1808 832 1848 iam
873 1823 959 1849 non
1000 1808 1095 1849 ideo
1137 1808 1296 1849 meruit
1335 1822 1533 1862 poenam,
1577 1807 1679 1861 quia

144 1907 300 1932 nocens
323 1898 399 1941 est,
424 1893 498 1933 sed
521 1893 622 1946 quia
644 1907 730 1934 non
753 1893 1034 1947 requirendus
1056 1893 1260 1934 inuentus
1284 1899 1360 1934 est.
1422 1893 1580 1947 Itaque
1602 1906 1680 1933 nec

145 1978 187 2017 in
215 1977 285 2017 illo
315 1992 365 2017 ex
394 1977 531 2018 forma
560 1978 772 2019 malorum
798 1979 1130 2019 iudicandorum
1159 1979 1286 2033 agitis
1315 1993 1413 2033 erga
1440 1993 1532 2028 nos,
1563 1979 1681 2032 quod

144 2063 294 2103 ceteris
333 2063 590 2117 negantibus
630 2069 847 2105 tormenta
883 2065 1099 2105 adhibetis
1138 2064 1193 2104 ad
1234 2064 1543 2113 confitendum,
1582 2064 1680 2104 solis

147 2147 396 2188 Christianis
430 2148 486 2188 ad
520 2148 779 2202 negandum,
817 2163 927 2198 cum,
965 2150 999 2190 si
1034 2150 1197 2190 malum
1233 2154 1356 2198 esset,
1393 2164 1472 2190 nos
1506 2149 1682 2203 quidem

146 2247 410 2285 negaremus,
438 2247 515 2273 uos
542 2247 647 2274 uero
670 2234 863 2275 confiteri
891 2235 1119 2275 tormentis
1146 2235 1470 2288 compelleretis.
1531 2234 1683 2288 Neque

108 2367 112 2372 .
148 2318 259 2357 enim
305 2318 400 2358 ideo
444 2333 530 2359 non
574 2320 786 2372 putaretis
833 2321 1089 2374 requirenda
1139 2321 1466 2375 quaestionibus
1509 2321 1682 2367 scelera,

150 2402 249 2453 quia
269 2402 372 2442 certi
391 2403 537 2443 essetis
556 2403 731 2444 admitti
750 2418 798 2444 ea
818 2419 869 2444 ex
888 2406 1073 2446 nominis
1093 2405 1370 2455 confessione,
1393 2406 1466 2459 qui
1485 2405 1611 2446 hodie
1630 2404 1683 2445 de

150 2485 340 2526 confesso
374 2486 600 2536 homicida,
635 2489 817 2530 scientes
850 2490 1130 2531 homicidium
1164 2491 1269 2545 quid
1301 2491 1369 2540 sit,
1404 2490 1683 2531 nihilominus

150 2571 339 2610 ordinem
393 2573 658 2625 extorquetis
709 2574 897 2616 admissi.
960 2575 1053 2624 Quo
1105 2577 1358 2630 peruersius,
1413 2589 1511 2616 cum
1562 2589 1682 2629 prae-

151 2656 330 2695 sumatis
365 2655 417 2695 de
452 2657 679 2698 sceleribus
714 2660 871 2700 nostris
907 2674 959 2700 ex
995 2661 1180 2702 nominis
1216 2661 1494 2710 confessione,
1532 2660 1684 2714 cogitis

1696 1023 1739 1045 10

1699 1466 1740 1497 15

1700 1905 1745 1927 20

152 2741 377 2781 tormentis
405 2741 457 2781 de
486 2742 748 2783 confessione
777 2744 992 2795 decedere,
1024 2752 1074 2786 ut
1101 2751 1308 2801 negantes
1336 2759 1494 2786 nomen
1522 2745 1684 2799 pariter
1703 2759 1748 2790 30
