1827 3004
165 39 245 77 386
733 33 1133 75 TERTVLLIANI
1349 35 1408 89 [p.
1434 34 1562 75 1101.
1588 35 1694 75 18-

162 150 502 205 iqne...iaculati.
564 149 619 190 ib.
659 151 711 189 18
743 163 781 204 p.
816 150 869 190 20
904 149 928 189 l.
960 151 985 190 3
1021 149 1145 190 Wiss.
1177 164 1258 189 non
1290 149 1489 204 probabis
1519 163 1696 203 usquam

167 234 295 260 nanos
340 232 484 260 cursus
525 223 563 258 et
606 217 819 258 iaculatus
862 222 900 258 et
938 217 1073 258 saltus
1112 218 1331 267 uaniores;
1375 232 1579 272 nusquam
1622 217 1698 258 tibi

164 288 276 328 uires
307 292 380 327 ald
410 286 644 327 iniuriosae
676 291 749 326 aut
778 300 916 327 uanae
942 285 1175 339 placebunt,
1212 285 1283 326 sed
1325 300 1394 327 nec
1429 301 1531 327 cura
1562 285 1696 341 facti—

165 356 220 397 cii
244 355 442 410 corporis,
463 361 509 396 ut
532 354 766 409 plasticam
797 354 865 395 dei
891 369 1172 408 supeiyressa.
1233 360 1270 396 et
1298 360 1473 409 propter
1496 354 1698 396 Graeciae

125 441 144 473 5
166 425 296 466 otium
317 424 456 465 altiles
476 423 660 465 homines
682 423 830 464 oderis.
881 429 918 464 et
933 424 1196 477 palaestrica
1218 424 1380 464 diaboli
1395 424 1605 478 neyotium
1621 429 1698 464 est:

160 493 324 548 primos
354 493 539 534 homines
566 492 758 533 diabolus
793 492 912 533 elisit.
974 493 1063 547 ipse
1092 499 1252 534 caestus
1288 493 1506 534 colubrina
1531 493 1599 534 uis
1629 498 1698 541 est,

165 568 288 602 tenaa‘
316 562 373 602 ad
402 561 698 615 occupandum,
723 567 906 602 tortuosa
935 561 992 602 ad
1021 562 1305 616 obligandum,
1329 562 1497 616 liquida
1531 562 1587 602 ad
1612 562 1698 602 ela-

165 630 351 672 bendum.
415 629 542 685 Cyril.
569 630 734 671 Hieros.
758 630 919 671 catech.
944 642 959 670 Ι
983 633 1009 670 4
1030 646 1095 685 ap.
1120 630 1233 671 Hau.
1257 632 1340 672 319
1359 646 1393 671 a.

252 715 290 755 p.
316 702 398 741 110
421 700 444 741 l.
468 702 522 741 20
545 711 729 740 INIVRIA
757 715 788 741 c.
819 701 874 741 40
896 715 934 755 p.
960 701 1040 741 116
1071 700 1094 741 l.
1119 702 1173 741 24
1202 701 1302 742 haec
1331 701 1471 755 utique
1502 715 1583 741 non
1612 700 1701 741 sine

106 789 147 812 10
166 770 332 811 iniuria
353 770 622 812 incolentium
643 770 831 812 accidere
847 776 1083 824 potuerunt.
1134 785 1166 811 c.
1185 772 1241 811 44
1263 786 1322 825 pr.
1345 771 1471 811 illam
1492 770 1701 810 iniuriam

168 840 354 881 ciuitatis
390 840 533 880 nullus
566 840 772 894 expendit,
807 855 900 880 cum
932 845 989 881 tot
1018 840 1120 880 iusti
1150 840 1446 894 impendimur.
1508 839 1614 881 Otto
1647 854 1702 880 on

168 908 321 949 lustin.
357 908 481 963 Apol.
517 920 531 948 I
566 924 597 949 C.
637 912 662 949 8
692 909 716 950 f.
754 924 792 964 p.
827 909 897 952 57c
932 909 970 950 εἰ
999 907 1078 961 μὲν
1110 909 1185 950 οὖν
1213 908 1407 951 ἄπιστον
1435 908 1461 962 ἢ
1489 907 1701 950 ἀδύνατον

166 980 295 1019 τοῦτο
328 980 462 1033 φήσει
495 995 570 1027 τις,
593 977 702 1034 ’πρὸς
734 979 847 1031 ἡμᾶς
878 977 950 1028 ἥδε
981 979 1006 1031 ἡ
1039 978 1189 1027 πλάνη
1223 978 1344 1019 ἐστὶν
1376 977 1478 1019 ἀλλ’
1512 977 1560 1018 οὐ
1591 976 1701 1032 ’πρὸς

169 1046 323 1101 ἕτερον,
344 1046 500 1102 μέχρις
524 1046 573 1088 οὗ
596 1047 707 1102 ἕρτγῳ
729 1046 861 1098 μηδὲν
885 1047 1132 1090 ἀδικοῦντες
1155 1045 1439 1103 ἐλεγχόμεθα.

107 1131 146 1161 15
255 1127 295 1156 SI
326 1127 470 1156 FORTE
498 1131 530 1157 c.
562 1118 614 1157 16
645 1116 754 1157 med.
785 1131 823 1171 p.
848 1119 900 1157 54
932 1116 955 1156 l.
986 1119 1011 1156 8
1033 1131 1072 1156 n.
1102 1132 1186 1165 nos,
1215 1117 1253 1157 si
1270 1116 1398 1171 forte,
1426 1117 1635 1169 inteyrum
1666 1120 1703 1156 et

168 1190 298 1226 totum
329 1185 452 1226 deum
481 1185 666 1226 colimus.
697 1186 751 1225 20
774 1186 798 1226 f.
822 1187 887 1226 41.
919 1187 973 1225 43
1002 1200 1062 1240 pr.
1123 1185 1177 1225 ad
1207 1190 1293 1225 nab.
1324 1196 1339 1225 Ι
1371 1187 1422 1225 15
1454 1200 1492 1240 p.
1515 1188 1568 1225 85
1599 1185 1621 1224 l.
1647 1186 1701 1225 23

169 1254 292 1295 Wiss.
354 1254 420 1295 De
444 1253 587 1295 Pudic.
614 1257 634 1294 1
659 1269 696 1309 p.
722 1256 804 1294 222
828 1255 850 1295 l.
874 1256 901 1294 4
925 1254 1047 1295 Wiss.
1109 1255 1175 1295 De
1200 1254 1362 1295 Paenita.
1383 1255 1445 1294 10.
1508 1254 1573 1294 De
1595 1253 1702 1309 Fug.

168 1324 211 1365 111
231 1325 390 1365 Perseo.
411 1326 434 1364 2
457 1339 496 1379 p.
512 1339 564 1364 m.
617 1324 683 1365 De
701 1322 794 1365 Cor.
813 1323 941 1365 Milit.
965 1327 1001 1371 5,
1026 1323 1187 1365 Oehler
1202 1338 1240 1378 p.
1264 1322 1346 1363 427
1369 1326 1419 1363 15
1435 1324 1459 1363 f.

255 1409 293 1449 p.
314 1396 395 1435 110
418 1394 441 1434 l.
466 1396 517 1434 21
542 1405 627 1434 SED
648 1405 951 1434 REPROBAMVS
973 1399 1053 1434 cet.
1077 1393 1142 1434 De
1166 1392 1358 1448 Spectac.
1378 1394 1431 1433 28
1455 1407 1514 1448 pr.
1537 1398 1704 1433 nostrae

106 1479 149 1501 20
169 1479 301 1513 cenae,
338 1470 505 1505 nostrae
539 1464 713 1518 nuptiae
743 1464 929 1505 nondum
965 1470 1072 1512 sunt,
1109 1478 1191 1504 ‘non
1224 1478 1448 1517 possumus
1484 1476 1577 1503 cum
1613 1461 1705 1502 illis

168 1533 434 1582 discumbere,
467 1533 569 1587 quia
600 1548 671 1574 nec
703 1533 774 1573 illi
804 1532 1026 1574 nobiscum.

253 1618 292 1658 p.
318 1605 400 1644 110
423 1603 446 1644 l.
471 1604 523 1642 22
548 1613 787 1643 EPICVREIS
815 1602 881 1643 De
912 1601 1108 1657 Spectao.
1131 1603 1184 1642 28
1207 1616 1246 1656 p.
1271 1600 1323 1641 27
1348 1601 1370 1642 l.
1396 1603 1420 1641 8
1445 1600 1566 1641 Wiss.
1599 1599 1703 1641 deli-

168 1678 286 1714 catus
322 1687 373 1721 es,
408 1672 661 1720 Christiane,
694 1672 732 1712 si
773 1677 810 1712 et
849 1672 896 1711 in
937 1672 1100 1713 saeculo
1137 1671 1399 1725 uoluptatem
1439 1669 1705 1724 concupiscis,

169 1742 296 1782 immo
327 1741 509 1781 nimium
539 1741 705 1788 stultus,
725 1741 764 1781 si
795 1741 867 1781 hoc
896 1740 1114 1781 existimas
1134 1741 1407 1794 uoluptatem.
1468 1738 1706 1794 philosophi

107 1822 148 1853 25
170 1811 349 1866 quidam
399 1811 471 1852 hoc
524 1825 670 1851 nomen
710 1810 844 1864 quieti
884 1816 921 1851 et
962 1810 1275 1864 tranquillitati
1315 1809 1528 1856 dederuut,
1570 1809 1616 1848 in
1657 1822 1706 1849 ea

165 1881 363 1935 qaudent,
396 1882 440 1920 in
482 1895 533 1921 ea
574 1886 822 1927 auocantum
853 1880 899 1920 in
941 1894 991 1920 ea
1032 1881 1162 1920 etiam
1201 1879 1457 1933 gloriantur.
1519 1883 1565 1918 tu
1599 1877 1706 1917 mihi

169 1956 300 1991 metas
331 1955 367 1990 et
396 1963 592 1990 scaenam
624 1954 661 1990 et
695 1948 919 2002 puluerem
950 1954 988 1989 et
1029 1948 1236 1989 harenam
1273 1948 1477 2002 suspiras.
1538 1946 1707 1987 Usener

170 2019 382 2074 Epicurea
413 2033 450 2073 p.
487 2020 568 2058 158
602 2020 638 2058 5.

769 2177 872 2220 CAP.
911 2178 1109 2218 XXXIX

258 2304 296 2344 p.
332 2291 413 2330 110
451 2289 474 2329 l.
507 2290 559 2329 26
596 2299 769 2328 CORPVS
804 2287 938 2328 Licin.
971 2287 1016 2327 in
1049 2287 1165 2328 Lacu.
1199 2286 1265 2327 De
1298 2286 1424 2327 Morb.
1458 2286 1619 2326 Perseo.
1652 2287 1706 2326 48

109 2374 153 2406 30
173 2373 278 2413 quae
310 2358 452 2399 omnia
483 2358 650 2411 corpori
684 2357 1026 2397 Christianorum
1051 2357 1251 2410 protinus
1273 2370 1353 2409 per
1373 2355 1708 2396 intercessionem

172 2433 290 2468 tuam
310 2441 359 2468 ac
380 2427 468 2467 sine
489 2440 611 2466 mora
634 2425 753 2466 tradi
774 2424 985 2479 oportebit.
1047 2430 1083 2465 et
1115 2425 1316 2478 quoniam
1336 2424 1449 2465 idem
1473 2424 1709 2464 Christiani

174 2511 253 2537 non
285 2510 335 2537 ea
366 2496 458 2536 loca
490 2501 666 2543 tantum,
699 2494 756 2534 ad
787 2508 892 2548 quae
923 2494 1142 2535 conuenire
1173 2499 1482 2541 consueuerunt,
1513 2493 1584 2539 sed
1616 2493 1708 2533 alia

172 2566 300 2607 etiam
331 2565 524 2606 habuisse
553 2570 779 2605 noscuntur
808 2564 866 2603 ad
891 2563 959 2603 ius
990 2563 1179 2617 corporis
1209 2578 1363 2611 eorum,
1385 2563 1431 2603 id
1461 2568 1518 2603 est
1547 2562 1706 2603 ecclesi-

173 2650 298 2676 arum
329 2649 409 2675 non
442 2634 659 2675 hominum
688 2631 966 2686 sz'nyulorum,
982 2632 1254 2686 pertinentia,
1277 2646 1324 2672 ea
1354 2631 1496 2672 omnia
1518 2631 1604 2684 leye
1624 2645 1709 2685 qua

110 2721 152 2753 35
173 2704 367 2758 superius
389 2702 791 2757 comprehendimus,
812 2701 922 2742 citra
942 2701 1080 2742 ullam
1105 2715 1284 2756 prorsus
1306 2699 1620 2753 ambiyuitatem
1640 2699 1707 2740 uel
