1827 3004
170 127 251 168 294
733 126 1132 168 TERTVLLIANI
1415 128 1474 184 [p.
1500 128 1600 170 701.
1628 129 1708 169 3-

257 253 295 293 Ρ.
312 236 366 278 70
384 237 407 278 l.
426 239 451 279 3
475 248 667 277 NVMERO
686 238 722 290 )(
740 237 894 279 lustin.
910 238 1021 279 Dial.
1039 253 1070 279 c.
1086 239 1243 294 Tryph.
1261 241 1343 280 128
1358 254 1397 295 p.
1415 242 1515 281 358Ο
1536 239 1708 295 ἀριθμῷ

171 307 315 363 ἕτερόν
338 325 392 349 τι.
438 308 491 349 62
514 321 552 362 Ρ.
577 309 688 348 285⁰.
733 310 814 349 129
837 323 897 363 pr.
920 323 958 364 p.
982 306 1097 350 358‘1.
1140 309 1195 350 ib.
1217 324 1256 364 p.
1280 308 1412 351 359³b.
1456 312 1509 351 56
1532 325 1570 365 p.
1595 307 1710 351 276d.

257 387 416 416 GRADV
448 386 542 416 NoN
575 387 716 416 STATV
748 376 859 417 Adu.
894 376 1014 418 Prax.
1051 379 1076 417 8
1110 392 1148 432 p.
1183 379 1265 419 239
1300 378 1324 418 1.
1356 380 1406 418 11
1448 378 1522 419 Kr.
1551 380 1603 420 19
1637 378 1708 419 fin.

170 446 376 486 rationem
408 444 637 493 reddimus,
659 460 741 499 qua
774 444 844 487 dei
875 461 955 487 non
990 446 1071 487 duo
1105 446 1303 488 dicantur
1336 462 1407 488 nec
1439 446 1612 497 domini,
1638 447 1713 489 sed

131 532 150 562 5
171 529 254 568 qua
269 519 395 569 pater
417 520 453 555 et
473 514 599 568 filius
620 515 714 563 duo,
737 521 774 555 et
795 515 868 556 hoc
890 531 970 557 non
992 530 1040 557 eat
1060 515 1328 570 separatione
1348 516 1615 565 substantiae,
1636 517 1711 559 sed

170 598 218 625 ea:
245 583 526 638 dispositione,
547 597 642 624 cum
669 583 942 625 indiuiduam
973 590 1010 626 et
1037 585 1331 640 inseparatum
1354 586 1500 640 filium
1530 601 1557 626 a
1582 592 1713 641 patre

165 653 504 707 pronuntiamus,
525 668 596 694 nec
617 659 742 703 statu,
763 654 836 695 sed
854 654 997 708 qradit
1028 655 1176 703 alium,
1198 655 1270 709 qui
1297 655 1373 696 etsi
1400 655 1502 697 deus
1529 655 1713 704 dicatur,

171 722 336 778 quando
374 723 618 764 nominatur
653 723 899 778 sinyularis,
935 739 1015 765 non
1051 724 1143 766 ideo
1179 725 1283 766 duos
1318 725 1414 766 deos
1449 725 1605 781 faciat,
1638 726 1713 767 sed

172 807 311 839 unum,
338 791 410 833 hoc
445 792 548 847 ipso,
575 792 685 847 quod
721 798 758 833 et
791 792 892 834 deus
923 807 972 834 ea·
1002 794 1163 835 unitate
1196 794 1337 848 patris
1373 795 1519 835 uocari
1550 794 1708 836 habeat.

110 879 152 901 10
171 860 225 901 ib.
245 863 268 901 2
290 860 360 901 fin.
378 861 500 916 quasi
521 876 601 902 non
622 861 682 903 sic
703 876 859 916 quoque
881 877 988 903 unus
1008 863 1063 904 sit
1086 863 1240 911 omnia,
1257 863 1360 904 ditm
1381 878 1429 904 ew
1450 878 1530 904 uno
1554 865 1708 912 omnia,

167 944 246 984 per
284 929 542 971 substantiae
582 929 736 971 scilicet
788 930 999 979 unitatem,
1041 937 1078 972 et
1128 931 1403 972 nihilominus
1450 932 1714 974 custodiatur

172 999 429 1040 oilconomiae
457 1005 780 1048 sacramentum,
804 1014 911 1054 quae
938 1001 1143 1042 unitatem
1172 1001 1214 1041 in
1249 1002 1484 1042 trinitatem
1514 1001 1711 1056 disponit,

172 1074 254 1109 tres
295 1067 494 1123 d=iri9ens,
515 1074 687 1123 patrem
723 1075 759 1111 et
795 1069 944 1123 filium
985 1076 1021 1112 et
1060 1070 1416 1125 spiritum,—tres
1453 1077 1593 1112 autem
1631 1087 1710 1113 non

171 1143 294 1187 statu,
325 1138 396 1179 sed
428 1138 582 1192 yradu,
614 1153 684 1180 nec
719 1138 964 1189 substantia,
995 1139 1067 1181 sed
1093 1140 1257 1196 forma,
1290 1155 1364 1181 nec
1392 1146 1607 1195 potestate,
1639 1140 1714 1182 sed

110 1222 151 1253 15
171 1208 498 1263 specie,—unius
512 1213 651 1249 autem
663 1207 919 1249 substantiae
936 1209 1117 1250 etunius
1132 1215 1266 1250 status
1283 1215 1319 1250 et
1336 1210 1462 1250 simius
1480 1210 1714 1264 potestatis,

172 1276 274 1331 quia
307 1291 414 1320 unus
448 1277 561 1325 deus,
583 1292 632 1319 eoe
665 1292 745 1332 quo
780 1283 817 1319 et
848 1278 1010 1333 qradzis
1042 1278 1116 1319 isti
1149 1284 1186 1319 et
1210 1279 1385 1333 formae
1416 1284 1453 1320 et
1483 1280 1636 1334 species
1665 1280 1714 1320 in

174 1345 340 1387 nomine
367 1346 512 1400 patris
543 1352 579 1387 et
605 1346 699 1400 filii
729 1352 766 1388 et
789 1347 968 1401 spiritus
991 1347 1126 1388 sancti
1151 1347 1418 1402 deputantur.
1482 1350 1532 1388 21
1564 1362 1602 1403 p.
1627 1349 1713 1389 264

174 1414 197 1455 l.
227 1416 250 1455 5
280 1414 354 1455 ΚΓ.
382 1430 464 1456 non
497 1415 671 1457 eundem
707 1421 845 1456 autem
878 1430 961 1456 non
993 1416 1115 1470 quasi
1147 1421 1404 1470 separatam,
1435 1416 1710 1471 dispositione

173 1484 321 1534 alium,
352 1500 434 1526 non
464 1484 683 1526 diuisione.
746 1484 828 1538 [Cf.
862 1485 1061 1540 Ps.-Aug.
1095 1485 1270 1537 Quaesb.
1305 1488 1386 1526 122
1418 1484 1512 1542 §26
1545 1486 1595 1527 A.
1620 1487 1679 1540 S]

111 1570 154 1591 20
260 1565 473 1594 RECESSIT
498 1554 608 1610 Aug.
633 1555 709 1610 Ep.
734 1554 814 1596 137
837 1553 857 1611 ξ
879 1557 902 1597 6
925 1560 962 1597 et
978 1561 1183 1610 putamus
1204 1555 1320 1596 nobis
1340 1555 1391 1597 de
1412 1556 1713 1611 omnipotentia

174 1621 257 1663 Dei
283 1622 530 1664 incredibile
559 1622 646 1664 dici
674 1623 851 1678 aliquid,
881 1638 974 1665 cum
1001 1623 1160 1664 dicitur
1188 1623 1369 1665 Verbum
1390 1623 1482 1671 Dei,
1500 1639 1580 1678 per
1601 1624 1711 1679 quod

175 1692 318 1732 omnia
337 1691 466 1747 facta
496 1698 603 1741 sunt,
631 1692 691 1733 sic
716 1693 994 1747 desumpsisse
1019 1708 1170 1748 corpus
1201 1708 1249 1734 ea:
1274 1693 1547 1748 uiryi‘ne...ut
1568 1710 1594 1735 a
1615 1695 1713 1735 sinu

173 1760 336 1808 Patris,
358 1760 406 1801 id
427 1764 486 1802 est
508 1776 534 1801 a
555 1767 721 1811 secreto,
743 1777 820 1816 quo
842 1777 935 1803 cum
957 1762 1031 1804 illo
1054 1768 1090 1804 et
1110 1762 1155 1803 in
1177 1763 1253 1804 illo
1283 1769 1350 1812 est,
1376 1779 1457 1805 non
1488 1765 1711 1806 recesserit.

173 1827 192 1885 ξ
215 1831 268 1870 1Ο
291 1829 314 1870 f.
338 1829 457 1871 homo
479 1830 634 1885 quippe
654 1830 741 1872 Deo
764 1832 945 1875 accessit,
970 1847 1048 1873 non
1072 1832 1184 1873 Deus
1206 1847 1233 1873 a
1253 1847 1295 1874 se
1315 1833 1491 1874 recessit.

111 1917 153 1948 25
262 1913 301 1953 p.
326 1896 379 1939 70
408 1898 431 1938 ].
466 1900 491 1938 4
525 1910 909 1941 PRAEDICABATVR
942 1915 973 1942 c.
1010 1903 1062 1941 18
1092 1915 1130 1956 p.
1161 1903 1215 1942 58
1245 1901 1269 1941 1.
1302 1900 1353 1942 17
1390 1917 1492 1956 quos
1523 1901 1713 1943 dioeimus

168 1966 485 2020 praedicatores
525 1967 755 2021 prophetae
795 1968 846 2009 de
885 1969 1014 2023 officio
1052 1968 1291 2023 praefandi
1330 1976 1543 2011 uocantur.
1617 1970 1712 2011 infr.

174 2051 212 2091 p.
237 2035 290 2076 70
313 2036 337 2076 l.
363 2039 415 2076 18
437 2037 707 2090 manifestius
733 2038 1033 2092 praedicatam
1063 2045 1244 2094 sperant.
1306 2038 1400 2080 infr.
1423 2054 1461 2094 p.
1487 2040 1538 2080 72
1563 2040 1586 2080 l.
1610 2042 1635 2080 8
1664 2040 1712 2081 id

173 2119 299 2158 super
335 2104 496 2146 Christo
534 2106 834 2160 praedicatum
867 2123 950 2149 non
981 2109 1173 2150 scierunt.
1236 2108 1302 2149 De
1336 2108 1442 2163 Fug.
1475 2108 1519 2148 in
1549 2108 1711 2150 Perseo.

176 2176 200 2215 6
252 2189 286 2215 a.
329 2189 382 2214 111.
432 2175 579 2229 atquin
622 2178 930 2230 persecutiones
981 2192 1045 2219 eos
1096 2193 1302 2233 passuros
1346 2178 1624 2232 praedicabat
1674 2185 1712 2220 et

112 2260 155 2290 30
175 2244 417 2285 tolerandas
457 2245 636 2286 docebat.
699 2249 751 2287 12
793 2262 830 2302 p.
874 2262 926 2288 111.
962 2248 1268 2302 persecutiones
1311 2248 1587 2301 praedicatas
1628 2262 1710 2288 non

168 2319 452 2367 praecaneret.
534 2313 645 2355 Adu.
688 2314 782 2356 Iud.
827 2318 879 2356 13
921 2330 981 2371 pr.
1023 2316 1157 2369 iqitur
1197 2317 1395 2371 quoniam
1437 2316 1528 2370 filii
1567 2316 1710 2358 Israel

175 2382 400 2436 affirmant,
422 2398 496 2424 nos
524 2399 670 2425 errare
698 2385 935 2439 recipiendo
968 2385 1192 2433 Christum,
1214 2387 1287 2440 qui
1316 2386 1404 2426 iam
1441 2386 1560 2434 uenit,
1582 2401 1709 2440 prae-

173 2451 404 2493 scribamus
445 2453 503 2493 eis
545 2469 592 2494 ex
632 2455 738 2508 ipsis
778 2455 1015 2509 scripturis,
1046 2456 1136 2496 iam
1176 2456 1337 2496 uenisse
1381 2455 1606 2503 Christum,
1637 2456 1710 2510 qui

169 2521 513 2575 praedicabatur,
555 2524 751 2577 quamuis
792 2538 840 2564 esc
881 2524 1133 2578 temporibus
1173 2524 1369 2565 Danielis
1417 2523 1711 2578 praedicantis

109 2605 152 2636 35
168 2589 503 2644 probauerimus,
526 2598 604 2633 cet.
666 2593 777 2633 Adu.
801 2593 929 2634 Marc.
952 2605 1001 2633 IV
1025 2597 1046 2633 1
1078 2608 1116 2648 p.
1140 2595 1222 2634 423
1247 2594 1271 2634 l.
1299 2593 1347 2634 17
1371 2608 1429 2648 sq.
1454 2593 1528 2633 ΚΓ.
1590 2593 1708 2634 Lact.

174 2657 272 2698 Diu.
296 2658 423 2699 Instt.
448 2671 497 2699 IV
522 2662 573 2700 12
596 2659 615 2716 ξ
637 2663 662 2702 3
685 2661 791 2702 cites
818 2662 956 2716 psalm
986 2663 1033 2702 of
1061 2661 1263 2703 Solomon
1285 2663 1380 2715 (not
1409 2662 1541 2702 found
1567 2662 1710 2713 there)

177 2725 272 2778 [but
294 2726 329 2766 it
352 2727 398 2774 is,
420 2742 465 2767 as
488 2743 548 2768 we
577 2729 702 2769 know
730 2745 837 2777 now,
859 2730 903 2770 in
933 2730 1008 2773 the
1040 2736 1048 2750 ‘
1065 2730 1202 2772 Odes’
1234 2731 1281 2771 of
1308 2730 1510 2772 Solomon
1541 2733 1592 2772 19
1623 2745 1657 2771 v,
1681 2732 1707 2772 6

174 2794 222 2834 A.
246 2794 318 2847 S.].
371 2795 424 2836 Is.
448 2807 515 2836 VH
547 2799 610 2838 14.
664 2797 736 2849 (Is.
768 2810 835 2838 VH
871 2801 924 2839 10
946 2813 1029 2853 seq.
1061 2799 1176 2840 cited
1208 2799 1264 2854 by
1297 2798 1619 2854 Cypr.Test.11
1650 2801 1708 2851 9.)
