1827 3004
176 64 258 102 368
742 59 1144 100 TERTVLLIANI
1362 61 1419 116 [p.
1448 60 1574 101 1041.
1604 63 1711 100 18—

259 187 353 217 NON
386 186 675 216 CHRISTIANIS
707 174 867 216 Oehler
897 189 951 215 on
983 189 1014 216 0.
1052 177 1076 214 2
1109 190 1147 230 p.
1180 174 1260 216 117
1285 190 1323 216 n.
1339 190 1376 230 g.
1436 175 1489 228 [=
1507 190 1584 216 our
1614 190 1651 230 p.
1683 176 1708 215 8

173 246 211 286 ll.
235 245 378 298 3—4.]

255 324 404 362 ATQVE
426 324 549 354 ADEO
571 327 601 353 0.
625 314 651 352 4
674 327 732 366 pr.
758 313 810 352 22
834 326 892 366 pr.
920 314 984 352 24.
1008 314 1073 352 25.

256 398 293 437 p.
319 384 401 423 104
423 382 446 422 1.
472 383 523 422 19
547 391 806 421 ERVPTIONE
829 395 860 421 c.
884 382 938 421 39
964 381 987 421 f.
1010 396 1048 435 p.
1075 382 1157 420 114
1181 380 1203 421 l.
1227 380 1279 421 37
1304 395 1342 421 n.

129 468 148 498 5
256 466 293 507 p.
328 453 410 492 104
442 451 465 491 l.
499 452 552 491 20
583 460 765 490 GENIVM
796 449 865 489 Ad
894 449 1016 504 Scap.
1051 451 1074 488 2
1106 448 1220 490 oibed
1253 449 1297 489 in
1330 456 1430 490 note
1463 464 1516 490 on
1548 464 1585 504 p.
1623 451 1704 490 104

169 522 190 562 l.
216 523 279 562 14.
341 522 389 562 cf.
412 535 444 561 0.
469 522 521 560 28
545 520 568 560 f.
592 534 629 574 p.
654 519 753 560 941.
779 522 831 559 18
854 534 893 559 n.

254 605 291 645 p.
328 592 410 631 104
447 590 470 631 1.
507 591 559 629 22
602 599 859 629 PLAVSORES
896 588 960 629 De
1000 588 1162 629 Paenita.
1203 590 1254 629 10
1278 604 1331 629 m.
1394 588 1495 629 Hor.
1535 588 1702 630 Pebron.

167 658 287 700 Suet.
322 657 410 700 Sid.
448 672 511 713 ep.
550 659 576 697 4
614 659 666 697 25
698 657 959 712 promiserat
994 657 1272 698 ecclesiastica
1308 657 1582 711 plausoribus
1616 656 1704 698 suis

159 728 352 782 praedae
376 727 562 782 praedia
584 726 695 781 fore.
757 726 879 781 Kaye
912 728 977 767 49.

104 815 146 837 10
252 811 290 851 p.
317 798 398 837 104
420 796 443 836 1.
468 797 521 836 23
544 806 897 835 PARRICIDARVM
920 794 1015 834 Tae.
1039 793 1149 835 Ann.
1174 805 1238 833 xv
1262 794 1327 836 73.
1388 794 1502 835 Histv.
1526 806 1539 834 1
1564 797 1628 835 85.

253 875 515 905 RACEMATIO
557 861 631 903 ἄπ.
668 863 741 919 εἰρ.
804 862 1008 918 Spartian
1046 861 1144 903 Seu,
1185 865 1236 903 15
1268 860 1287 917 ξ
1318 864 1343 903 3
1375 863 1446 904 secl
1476 869 1621 918 postea
1656 864 1702 904 in

165 934 342 988 Syriam
377 932 499 982 redit,
534 933 598 973 ita
637 937 679 972 ut
714 946 755 972 se
790 937 972 986 pararet
1014 945 1062 972 ao
1103 930 1255 972 bellum
1295 931 1474 972 Parthis
1514 932 1699 987 inferret.

164 1004 273 1044 inter
303 1003 401 1044 haec
437 1001 750 1043 Pescennianas
782 1000 988 1054 reliquias
1019 1000 1254 1041 Plautiano
1287 1006 1453 1042 ‹vacam-e
1482 1016 1699 1055 perseque-

163 1072 298 1121 batur,
328 1072 391 1112 ita
426 1077 467 1112 ut
504 1070 724 1111 nonnullos
759 1071 887 1110 etiam
921 1084 969 1111 eu·
1002 1070 1152 1110 amicis
1187 1069 1274 1110 suis
1305 1070 1427 1124 quasi
1461 1071 1570 1111 uitae
1600 1084 1701 1112 suae

100 1158 142 1189 15
163 1141 432 1182 insidiatores
472 1145 692 1194 appeteret.
756 1138 809 1179 id.
848 1138 960 1179 Geta
997 1141 1022 1178 4
1058 1139 1296 1179 Bassianus
1332 1138 1589 1192 (Caracalla)
1626 1155 1698 1181 en-

162 1210 384 1266 couraged,
407 1210 519 1251 Geta
541 1208 797 1264 deprecated
820 1208 1044 1249 wholesale
1067 1208 1326 1249 exeoutions.

249 1296 286 1335 p.
312 1282 393 1321 104
416 1280 439 1320 1.
463 1281 516 1319 24
539 1289 856 1319 RAMOSISfflMIS
878 1277 1032 1332 superl.
1055 1277 1142 1317 also
1166 1276 1209 1316 in
1233 1276 1338 1317 Plin.
1364 1277 1460 1318 hist.
1482 1284 1568 1318 nat.

248 1359 633 1390 PRAESTRVEBANT
666 1347 777 1388 Adu.
814 1347 942 1388 Mare.
980 1359 1009 1387 V
1049 1348 1100 1387 16
1138 1362 1175 1401 p.
1215 1348 1297 1387 632
1335 1347 1357 1387 1.
1395 1350 1415 1387 1
1457 1348 1530 1388 Kr.
1565 1348 1637 1402 qui
1670 1363 1696 1388 a

154 1420 396 1475 primordio
432 1434 575 1461 reruni
613 1424 812 1459 naturam
843 1417 1034 1471 operibus
1065 1416 1270 1471 beneficiis
1297 1417 1443 1471 plaqis
1468 1416 1695 1471 praedica-

98 1511 142 1533 20
160 1489 340 1530 tionibus
368 1487 533 1529 testibus
561 1487 617 1528 aol
646 1487 899 1540 aqnitionenz
929 1487 996 1526 sui
1016 1486 1293 1539 praestruoeit.
1355 1485 1449 1527 qu.
1482 1487 1545 1526 10.
1576 1487 1628 1527 65
1656 1501 1695 1527 n.

246 1573 284 1613 p.
316 1559 397 1598 104
427 1557 450 1597 1.
481 1559 533 1597 25
564 1566 891 1596 NEBVLABANT:
924 1554 1037 1595 word
1066 1554 1263 1595 nowhere
1286 1555 1371 1595 else
1402 1555 1543 1595 found.
1606 1554 1694 1608 [An

159 1642 282 1667 error.
354 1626 398 1666 It
439 1640 583 1666 occurs
624 1625 735 1679 Aug.
779 1623 912 1664 Serm.
955 1624 1049 1672 164,
1086 1625 1148 1674 12,
1188 1623 1272 1664 and
1319 1623 1695 1665 Benois'o-Goelzer

159 1695 243 1736 cite
276 1695 424 1735 Victor
456 1693 659 1735 Vibensis.
721 1693 771 1733 A.
790 1693 851 1745 S.]

245 1781 283 1821 p.
309 1767 390 1806 104
413 1765 436 1805 1.
461 1766 513 1805 29
542 1762 777 1818 Capitolini
800 1762 855 1803 M.
879 1762 1084 1803 Antonin.
1109 1762 1215 1803 Phil.
1240 1764 1264 1803 6
1287 1761 1324 1818 §ss
1346 1765 1370 1802 8
1395 1764 1418 1803 9
1441 1768 1532 1804 erat
1554 1769 1692 1804 autem

96 1854 139 1885 25
158 1836 202 1876 in
232 1835 409 1876 summis
440 1833 640 1887 obsequiis
670 1833 814 1886 patris
847 1832 1032 1881 Marcus,
1064 1833 1259 1886 quemuis
1292 1847 1366 1873 non
1406 1832 1586 1873 deessent
1620 1833 1693 1887 qzci

158 1904 306 1958 aliqua
347 1904 575 1944 aduersum
615 1917 709 1943 euni
748 1902 1067 1942 insusurrcwent
1101 1907 1137 1942 et
1171 1916 1282 1956 prae
1314 1902 1457 1942 ceteris
1496 1901 1692 1942 Valerius

158 1973 401 2021 Homullus,
445 1971 517 2026 qui
557 1986 651 2012 cum
701 1970 913 2011 Lucillam
968 1976 1143 2011 niatrem
1190 1970 1332 2012 Marci
1381 1971 1426 2010 in
1480 1970 1690 2011 uz'riclario

157 2047 420 2083 nemer-antem
461 2040 740 2080 simulacrum
774 2039 995 2093 Apollinis
1039 2039 1219 2088 uidisset,
1261 2039 1551 2080 insusurrauit
1593 2039 1690 2079 ‘illa

156 2128 264 2154 nunc
285 2116 407 2165 roqat
429 2116 472 2150 ut
494 2109 606 2150 (lieni
627 2115 745 2150 tuum
767 2109 942 2150 claudas
963 2115 999 2150 et
1012 2109 1136 2163 filius
1152 2108 1349 2163 imperet?
1401 2108 1508 2162 quocl
1526 2108 1689 2149 omnino

94 2203 138 2233 30
157 2181 273 2236 apud
294 2180 425 2220 Pium
447 2179 554 2219 'nillil
576 2178 726 2219 ualuit.

243 2266 281 2305 p.
302 2249 424 2290 1041.
445 2250 498 2289 :30
521 2258 806 2287 ASTROLOGOS
828 2262 859 2287 0.
878 2248 932 2287 43
955 2261 992 2301 p.
1014 2249 1095 2286 124
1119 2246 1141 2286 1.
1162 2247 1185 2286 6
1210 2245 1413 2300 Spartian
1436 2245 1533 2286 Seu.
1554 2248 1604 2285 15
1627 2243 1686 2301 §5

155 2320 305 2360 multos
340 2319 478 2365 etiam,
506 2318 629 2371 quasi
661 2317 893 2358 Chaldaeos
924 2322 997 2357 aut
1027 2322 1146 2357 uates
1182 2315 1231 2356 (le
1263 2331 1342 2355 sua
1374 2316 1507 2356 salute
1543 2330 1687 2356 consu-

155 2391 336 2438 luissent,
361 2388 580 2435 interemit,
608 2387 837 2442 praecipue
867 2392 1077 2440 suspectus
1111 2401 1237 2426 unum
1268 2400 1463 2440 quemque
1493 2385 1687 2426 idoneum

154 2458 343 2512 imperio,
375 2472 467 2497 cuni
498 2456 585 2510 ipse
610 2456 820 2510 paruulos
852 2455 989 2495 aclhuc
1010 2454 1130 2509 filios
1160 2453 1337 2502 liaberet,
1366 2454 1490 2508 idque
1522 2453 1608 2494 clici
1635 2453 1686 2494 ab

92 2545 135 2575 35
154 2527 219 2567 lzz's
250 2526 316 2567 uel
351 2525 532 2567 crederet
569 2525 632 2565 uel
666 2525 844 2572 audii-et,
879 2524 951 2578 qui
980 2523 1062 2564 sibi
1093 2522 1416 2576 auqumbantur
1450 2522 1683 2576 imperium.

154 2594 338 2650 Againsb
362 2594 520 2634 Valens
544 2604 625 2633 A.D.
645 2592 724 2633 371
751 2592 965 2632 Ammian.
984 2591 1049 2643 (in
1070 2591 1199 2643 Hau.)
1217 2602 1336 2631 XXIX
1356 2589 1412 2647 2}
1430 2591 1480 2632 27
1500 2592 1682 2644 (below).

154 2664 247 2703 Tac.
272 2663 382 2703 Ann.
406 2674 475 2702 XII
504 2664 569 2703 52.
602 2673 684 2702 XVI
718 2664 772 2703 30
804 2661 918 2702 cited
950 2661 1007 2716 by
1030 2660 1188 2702 Oehler
1219 2661 1271 2700 ad
1303 2660 1372 2701 fin.
1396 2675 1483 2716 cap.
1545 2661 1684 2701 When

154 2732 314 2786 leqatus
336 2732 602 2786 proconsulis
618 2731 811 2786 Africae,
834 2730 1073 2785 Septimius
1097 2729 1283 2771 Seuerus
1305 2729 1466 2785 (Spart.
1489 2732 1513 2770 2
1529 2731 1574 2784 f.)
1591 2745 1684 2772 oum
