1827 3004
181 78 267 116 462
749 72 1149 113 TERTVLLIANI
1370 74 1430 128 [p.
1456 74 1535 113 136
1556 73 1584 115 l.
1608 75 1715 114 24-

185 189 321 230 eodem
364 188 529 228 restitui
583 193 757 227 ueterem
802 201 934 241 posse,
975 187 1048 241 qui
1092 201 1245 227 nouum
1287 186 1406 241 fecit.
1469 186 1715 243 Chrysolog.

186 259 319 299 Serm.
344 259 409 306 59,
433 257 581 311 Migne
615 256 658 297 P.
683 257 727 296 L.
751 267 813 296 LII
837 257 939 297 365ἃ
961 255 1091 305 crede,
1114 256 1244 304 homo,
1266 256 1317 297 de
1344 262 1474 297 morte
1502 270 1718 310 resumere

187 333 221 367 te
249 340 380 380 posse,
417 325 518 379 quia
550 331 775 379 antequam
808 325 986 373 uiueres,
1018 325 1080 365 nil
1107 324 1251 379 fuisti.
1313 324 1462 380 [Aug]
1500 325 1559 365 De
1592 325 1718 366 Verb.

187 396 334 451 Apos‘n.
367 410 489 435 serm.
522 396 577 435 34
609 395 722 449 [opp.
746 406 775 434 V
801 409 896 449 app.
919 409 1041 434 serm.
1067 396 1148 435 109
1172 408 1209 449 p.
1234 393 1334 447 199]
1367 394 1506 448 utique
1533 393 1633 447 plus
1663 400 1720 435 est

147 464 326 519 §facere
366 464 474 518 quod
510 478 741 518 numquam
771 463 878 518 fuit,
911 478 1038 517 quam
1075 477 1281 517 reparare
1324 463 1432 516 quod
1461 462 1601 517 fuerit
1642 469 1719 503 etc.

188 532 342 573 Tatian
362 534 386 573 6
409 547 446 587 p.
467 534 577 573 146³.
630 531 845 586 Athenag.
868 531 965 572 Res.
993 534 1028 573 3.
1082 531 1207 587 Greg.
1231 530 1390 571 Homil.
1415 533 1467 572 26
1491 530 1534 571 in
1558 530 1720 587 Euang.

187 601 276 657 §12
301 602 418 655 Zonye
439 601 579 641 minus
607 606 664 641 est
692 600 765 641 deo
797 615 1003 654 reparare
1025 600 1133 654 quod
1152 600 1247 655 fuit
1272 614 1402 654 quam
1432 613 1592 640 creasse
1615 600 1722 654 quod

191 670 394 725 nonfuit.
458 675 532 710 (tut
561 669 663 723 quid
694 669 864 717 mirum,
897 669 936 709 si
965 668 1173 709 hominem
1203 683 1252 709 eo:
1276 669 1457 723 puluere
1487 668 1630 723 reficit,
1652 668 1724 722 qui

189 738 317 779 simul
339 737 482 778 omnia
503 752 551 777 esc
574 737 703 777 nihilo
726 737 917 777 creauit?
977 736 1088 792 Aug.
1112 736 1177 777 De
1201 736 1294 778 Ciu.
1318 736 1400 777 Dei
1422 748 1438 776 Ι
1462 738 1526 777 12.

128 820 170 843 10
276 822 314 862 p.
339 808 420 847 136
444 807 467 847 l.
492 808 546 847 3O
570 805 764 847 Lae-tant.
788 817 855 846 VII
880 807 932 847 23
954 804 973 861 ξ
995 808 1032 846 5.

276 892 314 932 p.
349 878 431 917 138
464 876 487 917 l.
522 877 545 915 2
578 886 673 915 NON
707 886 937 915 DIFFICILE
967 874 1136 916 Ashbon
1161 877 1246 930 (ap.
1270 874 1467 928 Woodh.)
1489 874 1596 929 quod
1617 874 1724 929 diffi-

191 945 324 986 cilius.

278 1029 315 1069 p.
341 1015 422 1053 138
445 1013 468 1053 l.
493 1015 517 1053 8
548 1023 832 1053 INTERFECTA
854 1012 935 1053 Iul.
959 1012 1088 1053 Firm.
1112 1027 1187 1054 err.
1211 1013 1314 1068 prof.
1336 1013 1408 1054 rel.
1432 1015 1456 1053 8
1481 1013 1574 1067 quis
1598 1027 1722 1053 uos...

193 1081 250 1121 ud
281 1081 353 1121 hoc
384 1085 545 1120 tantum
567 1079 746 1134 facinus
776 1079 961 1133 impeqit,
983 1085 1027 1119 ut
1052 1079 1239 1134 profano
1262 1079 1456 1134 nefariae
1481 1079 1727 1134 cupiditatis

129 1168 172 1198 15
193 1165 332 1192 errore
353 1156 389 1191 et
413 1150 521 1191 mori
541 1164 604 1190 me
626 1150 779 1191 dicatis
799 1155 935 1190 uestro
959 1149 1137 1190 arbitrio
1159 1155 1196 1191 et
1217 1149 1392 1190 uiuere?

280 1219 345 1260 De
378 1218 502 1261 Carn.
526 1219 696 1259 Resurr.
722 1220 774 1258 12
797 1233 857 1273 pr.
891 1218 979 1259 dies
1009 1219 1194 1259 moritur
1223 1218 1269 1258 in
1300 1224 1456 1259 noctem
1487 1224 1523 1259 et
1554 1217 1729 1259 tenebris

198 1303 484 1343 usquequaque
528 1288 738 1343 sepelitur.
788 1288 1036 1343 funestatur
1085 1287 1237 1328 mundi
1282 1287 1421 1336 honor,
1463 1287 1598 1328 omnis
1637 1287 1728 1328 sub-

193 1357 352 1398 stantia
383 1357 644 1411 denigyratur.
706 1356 874 1397 sordent
904 1356 1028 1397 silent
1057 1362 1222 1411 stupent
1252 1362 1408 1405 cuncta,
1433 1356 1578 1410 ubique
1609 1356 1728 1397 iusti-

194 1426 301 1467 tium
321 1432 389 1467 est.
443 1425 575 1479 [quies
596 1425 757 1477 rerum]
780 1425 842 1465 ita
865 1425 937 1465 lua:
958 1425 1119 1465 amissa
1141 1425 1317 1479 tuyetur.
1368 1430 1405 1465 et
1421 1430 1560 1466 tamen
1581 1439 1730 1465 rursus

131 1515 175 1537 20
195 1512 288 1538 cum
309 1511 382 1537 suo
404 1496 515 1537 cuttu
540 1510 633 1535 cum
657 1495 786 1536 †dote
808 1510 902 1536 cum
922 1495 1006 1536 sote
1028 1495 1173 1537 eadem
1199 1500 1237 1536 et
1263 1495 1427 1549 integtra
1453 1500 1490 1536 et
1521 1500 1606 1535 tota
1639 1494 1728 1534 uni-

199 1581 314 1608 uerso
347 1566 437 1607 orbi
466 1565 699 1613 reuiuescit,
725 1564 979 1619 interficiens
1008 1570 1183 1606 mortem
1213 1579 1347 1614 suam,
1380 1570 1545 1613 noctem,
1576 1563 1729 1605 rescin—

196 1637 296 1678 dens
326 1636 589 1690 sepulturam
620 1650 754 1683 suam,
777 1634 973 1682 tenebras,
995 1634 1111 1676 heres
1140 1633 1303 1675 sibimet
1331 1634 1517 1681 eoeistens,
1538 1633 1664 1674 donec
1696 1638 1732 1674 et

197 1722 277 1747 ἠοω
302 1706 546 1754 reuiuescat‚
567 1719 662 1746 cum
692 1719 764 1745 suo
790 1709 827 1744 et
857 1703 940 1744 illa
970 1710 1173 1758 sussyestu.
1235 1703 1592 1745 redaccenduntur
1622 1703 1733 1744 enim

196 1782 233 1818 et
263 1775 485 1817 stellarum
516 1775 646 1823 radii,
680 1789 780 1829 quos
808 1774 1019 1814 matutina
1050 1773 1256 1815 succensio
1293 1774 1568 1821 exstinxerat;
1609 1772 1732 1813 redu-

132 1864 152 1886 2
158 1864 177 1895 5
198 1850 348 1885 cuntur
368 1849 405 1884 et
426 1843 614 1884 siderum
638 1842 858 1890 absentiae,
878 1857 982 1897 quas
1004 1842 1249 1897 temporalis
1271 1842 1482 1883 distinctio
1505 1846 1710 1883 exemerat
1718 1856 1731 1891 ;

198 1913 481 1955 redormmtur
516 1917 552 1953 et
592 1911 763 1965 specula
797 1911 931 1959 lunae,
964 1926 1070 1965 quae
1100 1916 1338 1952 menstruus
1368 1925 1566 1951 numerus
1597 1909 1715 1951 adtri

198 1988 330 2023 uerat.
392 1981 667 2022 reuoluuntur
699 1980 852 2020 hiemes
888 1986 925 2021 et
957 1986 1143 2029 aestates,
1178 1995 1310 2021 uerna
1337 1986 1374 2021 et
1402 1985 1607 2021 autumna
1641 1994 1734 2020 cum

199 2052 287 2092 suis
322 2050 482 2091 uiribus
522 2049 708 2090 moribus
737 2049 964 2103 fructibus.
1029 2049 1185 2090 Minue.
1220 2051 1274 2090 34
1305 2047 1324 2104 ξ
1357 2050 1408 2089 12
1440 2049 1502 2089 sol
1534 2048 1735 2102 demeryit

200 2127 236 2162 et
268 2121 480 2167 nascitur;
525 2125 640 2159 astra
672 2125 775 2159 cen:
812 2133 881 2159 see
915 2118 1121 2159 Holden‘s
1152 2124 1264 2159 note.
1335 2113 1519 2158 Pea'rson
1550 2117 1642 2158 Art.
1673 2129 1732 2158 XI.

134 2215 181 2246 30
202 2190 347 2231 Ambr.
390 2189 455 2230 De
498 2188 604 2228 Fide
648 2187 888 2228 Resurreet.
930 2185 949 2243 ἓ
996 2189 1049 2228 10
1086 2187 1247 2228 caelum
1286 2187 1427 2242 ipsum
1462 2202 1543 2228 non
1575 2201 1736 2241 semper

201 2261 418 2302 stellarum
472 2258 717 2299 micantium
767 2257 899 2311 [slobis
935 2257 1088 2312 fulqet,
1129 2257 1277 2312 quibus
1325 2257 1447 2311 quasi
1487 2257 1735 2311 quibusdam

205 2329 436 2383 insignitur
479 2327 650 2371 coronis.
688 2342 765 2367 non
798 2341 960 2381 semper
992 2333 1085 2368 ortu
1118 2327 1224 2368 lucis
1254 2326 1433 2374 albescit,
1470 2326 1609 2367 radiis
1638 2326 1737 2367 solis

202 2398 410 2439 inrutilat.
471 2396 542 2437 sed
574 2396 760 2436 assiduis
790 2396 951 2436 uicibus
981 2396 1054 2436 ille
1080 2395 1256 2450 quidam
1287 2395 1437 2436 mundi
1468 2396 1608 2436 uultus
1636 2410 1735 2449 [sra-

203 2468 390 2509 tissimus
430 2465 588 2506 umenti
626 2464 806 2505 noctium
842 2465 1003 2518 caligsat
1043 2464 1226 2505 horrore.
1289 2464 1390 2518 quid
1418 2464 1585 2518 qratius
1617 2464 1736 2505 tuce?

140 2555 184 2586 35
206 2537 306 2591 quid
337 2535 419 2576 sole
450 2533 707 2575 iucundius?
754 2548 861 2587 quae
897 2533 1046 2574 cotidie
1087 2534 1305 2583 occidunt;
1347 2534 1563 2575 decessisse
1598 2540 1735 2575 tamen

206 2606 304 2646 liaec
334 2603 448 2645 nobis
481 2618 559 2643 non
591 2603 754 2643 moleste
775 2602 974 2657 ferimus,
997 2603 1097 2657 quia
1128 2618 1222 2644 eum
1248 2603 1389 2644 redire
1410 2603 1734 2657 praesumimus.

209 2676 262 2715 53
290 2674 438 2728 prima
468 2673 602 2726 itqitur
633 2672 951 2712 resurrectionis
972 2672 1085 2726 fides
1114 2687 1215 2713 usus
1245 2678 1305 2713 est
1340 2671 1488 2712 mundi
1518 2685 1735 2726 rerumque

208 2749 341 2785 status
373 2743 568 2790 onmium,
603 2741 920 2796 qenerationum
955 2741 1092 2789 series,
1123 2742 1424 2783 successionum
1454 2742 1574 2789 uices,
1607 2740 1735 2782 obitus
