1827 3004
146 78 229 118 280
711 77 1108 118 TERTVLLIANI
1388 79 1444 133 [p.
1470 80 1521 119 66
1542 78 1570 119 l.
1594 79 1675 119 4—

231 205 268 246 p.
293 193 345 232 66
369 192 392 232 l.
415 193 441 231 4
464 202 782 232 DIVINATIONIS
811 192 858 232 of.
882 192 947 232 De
970 192 1129 232 Anima
1151 194 1204 232 28
1227 206 1286 247 pr.
1309 193 1440 233 multo
1463 193 1676 247 antiquior

144 258 196 300 Μ
195 274 308 314 oyses
329 259 458 301 etiam
478 259 664 300 Saturno
686 260 902 314 nonyeiztis
923 261 1093 302 circiter
1113 261 1249 308 (mnis,
1265 260 1419 301 ‘nedum
1433 261 1674 316 pronepoti-

142 328 217 369 bus
245 329 341 377 eius,
365 334 469 370 certe
496 327 724 368 diuinior
751 329 892 377 multo,
916 329 988 383 qui
1013 329 1210 370 decursus
1232 329 1397 383 yeneris
1422 330 1598 370 humani
1624 329 1676 370 αῖ)

144 397 311 438 exordio
333 397 483 438 mundi
504 412 660 452 quoque
675 412 756 451 per
776 398 970 452 sinyulas
990 399 1236 439 mztizcitates
1257 398 1505 439 nominatim
1522 405 1674 454 tempo-

103 483 122 513 5
143 467 350 520 ratimque
371 466 553 520 diqessit,
569 466 674 507 satis
690 466 878 520 probans
900 467 1122 521 [probatus
1138 466 1260 507 Wiss.
1291 466 1408 520 A.S.]
1430 467 1673 508 diuinita-

143 540 241 575 tem
266 534 403 588 operis
424 549 472 575 θα·
496 534 820 575 diuinatione
844 535 964 576 uocis.
1027 534 1090 577 Cf.
1114 534 1230 590 Orig.
1253 542 1383 576 contr.
1411 535 1518 578 Cels.
1548 548 1596 576 VI
1622 538 1674 576 10

141 618 179 658 Ρ.
207 606 286 644 281
317 604 341 644 f.
372 602 420 644 τὸ
448 602 532 659 1’γὰρ
558 602 881 660 χαρακτηρίζον
915 603 993 657 τὴν
1024 603 1211 656 θεότητα
1241 606 1265 657 ἡ
1295 605 1394 660 περὶ
1422 604 1675 659 μελλόντων

141 672 262 713 ἐστὶν
286 671 550 726 ἀπαγγελία,
574 673 624 714 οὐ
645 672 741 714 κατ’
764 672 1040 728 ἀνθρωπίνην
1062 673 1198 729 φύσιν
1219 674 1464 727 λεγομένων
1486 675 1557 716 καὶ
1581 677 1674 718 ταῖς*

141 741 359 792 ἐκβάσεσι
377 741 636 795 κρινομένων
658 741 724 783 ὅτι
743 742 858 784 θεῖον
875 745 1046 794 πνεῦμα,
1064 741 1116 794 ἦν
1139 742 1186 784 τὸ
1210 745 1351 784 ταῦτα
1373 741 1672 797 α’παὙνγέλλον.

78 828 121 850 10
142 809 336 850 Semisch
356 822 370 849 I
390 812 472 851 264
494 810 601 851 cites
624 811 731 851 Plat.
754 811 866 851 Men.
885 825 916 851 c.
935 813 1000 852 41.
1044 810 1130 852 Cic.
1153 811 1219 852 De
1241 811 1435 853 Diuinat.
1458 824 1474 852 I
1491 827 1522 853 c.
1547 814 1599 852 52
1615 827 1672 866 sq.

141 879 239 920 Sen.
270 879 391 920 suas.
422 881 458 920 4.
521 880 601 920 Ios.
634 880 782 935 Antiq.
814 892 863 920 XI
896 883 915 920 1
950 878 969 936 ξ
1002 883 1036 921 1.
1090 892 1177 921 XIII
1206 883 1258 922 10
1289 879 1308 937 ᾖ
1340 880 1374 922 7.
1427 893 1491 921 XV
1523 884 1575 922 10
1596 879 1615 937 ξ
1637 884 1672 922 5.

141 947 274 989 Clem.
294 948 415 989 Alex.
435 948 590 989 Strom.
610 961 624 989 Ι
646 947 665 1005 ἓ
687 952 781 990 181.
834 949 920 990 Hil.
940 949 1006 990 De
1028 949 1142 990 Trin.
1161 961 1175 989 Ι
1200 952 1235 991 9.
1288 949 1404 990 Lact.
1424 950 1521 991 Diu.
1546 950 1672 991 Instt.

140 1029 207 1057 VII
227 1020 251 1058 8
268 1016 287 1073 ξ
306 1020 359 1059 10
377 1033 525 1059 ‘uerum
546 1019 661 1060 nobis
687 1019 949 1060 diuinatione
971 1034 1072 1073 opus
1092 1034 1172 1060 ‘non
1196 1025 1264 1068 est,
1286 1019 1432 1074 quibus
1454 1021 1673 1061 ueritatem

140 1087 348 1128 diuinitas
370 1088 466 1142 ipsa
480 1088 691 1143 patefecit.

78 1172 119 1203 15
226 1171 264 1211 p.
289 1158 341 1197 66
364 1156 404 1197 ll.
428 1158 539 1198 4—6
573 1156 701 1198 Same
733 1163 963 1213 argument
995 1157 1039 1197 in
1069 1157 1251 1198 Barnab.
1283 1158 1358 1212 Ep.
1386 1170 1400 1197 I
1429 1157 1448 1214 ἓ
1481 1157 1502 1198 7
1534 1157 1673 1198 where

139 1224 342 1264 Harnack
370 1224 476 1265 cites
505 1225 658 1266 IustIn.
682 1226 805 1281 Apol.
828 1238 843 1266 I
874 1228 927 1267 52
957 1241 995 1281 p.
1019 1225 1101 1266 872.
1163 1226 1384 1281 Theophil.
1408 1238 1423 1266 I
1452 1228 1505 1266 14
1527 1241 1564 1281 p.
1589 1224 1672 1266 78⁴¹.

139 1306 173 1334 ΙΙ
193 1296 217 1335 9
233 1295 256 1335 f.
281 1297 335 1335 33
358 1310 395 1350 p.
417 1293 528 1336 109‘1.
572 1295 681 1336 Iren.
701 1308 750 1336 IV
768 1298 822 1337 33
844 1295 863 1351 ξ
886 1299 920 1337 1.
964 1295 1138 1352 Hippol.
1157 1296 1223 1337 De
1246 1295 1344 1338 Chr.
1363 1302 1406 1336 et
1424 1295 1617 1336 Antichr.
1637 1298 1672 1336 2.

225 1378 263 1418 Ρ.
288 1365 341 1404 66
366 1363 388 1404 l.
413 1362 434 1404 7
460 1374 594 1403 VNVM
616 1375 793 1405 TEMPVS
815 1379 926 1419 supr.
950 1379 981 1405 c.
1008 1367 1059 1405 19
1082 1364 1205 1405 Fuld.
1228 1379 1267 1419 p.
1287 1366 1339 1405 62
1363 1364 1386 1404 l.
1408 1365 1459 1405 16
1475 1379 1513 1404 n.
1547 1363 1672 1419 Cypr.

138 1430 204 1471 De
234 1431 438 1472 Mortalit.
463 1434 486 1472 2
510 1433 623 1486 fimat
655 1447 741 1474 ecce
772 1448 876 1487 quae
907 1433 1020 1475 dicta
1051 1439 1147 1474 sunt
1174 1440 1211 1474 et
1239 1433 1404 1488 quando
1428 1434 1542 1488 fizmt
1570 1448 1674 1487 quae

74 1517 120 1539 20
139 1506 234 1541 ante
267 1501 492 1555 praedicta
527 1508 633 1551 sunt,
669 1508 888 1556 sequentur
929 1508 964 1543 et
1004 1517 1283 1557 qzcczecumque
1318 1502 1532 1556 promissa
1567 1507 1672 1542 sunt.

138 1569 292 1611 Iusffin.
316 1570 437 1625 Apol.
461 1582 475 1610 I
499 1573 552 1611 52
575 1585 614 1626 p.
638 1570 711 1611 87a
741 1571 890 1623 ἐπειδὴ
923 1569 1068 1613 τοίνυν
1100 1570 1153 1612 τὰ
1179 1569 1386 1624 νγενόμενα
1416 1570 1496 1623 ἤδη
1525 1570 1673 1611 ’πάντα

139 1637 453 1692 άποδείκνυμεν
484 1639 588 1695 πρὶν
616 1639 643 1692 ἢ
671 1640 877 1694 «γενέσθαι
905 1640 1270 1696 προκεκηρύχθαι
1296 1639 1367 1680 διὰ
1394 1643 1479 1681 τῶν
1504 1644 1672 1694 ’προφη-

139 1709 235 1757 τῶν,
263 1708 430 1763 ἀνάγκη
462 1711 532 1751 καὶ
561 1709 662 1765 ’περὶ
692 1712 779 1751 τῶν
808 1709 963 1761 ὁμοίως
994 1709 1397 1765 προφητευθέντων,
1422 1708 1674 1762 μελλόντων

138 1776 182 1818 δὲ
203 1777 421 1831 Ὑενέσθαι,
442 1779 598 1820 ’πίστιν
621 1779 738 1835 ἔχειν
762 1780 817 1824 ὡς
839 1780 1011 1824 πάντως
1033 1779 1346 1833 «γενησομένων.
1402 1778 1518 1834 Orig.
1541 1785 1671 1820 contr.

73 1864 116 1895 25
138 1846 246 1888 Cels.
270 1860 318 1888 IV
343 1850 393 1888 21
421 1849 443 1889 f.
482 1867 488 1875 ·

223 1931 261 1971 p.
286 1918 338 1957 66
362 1917 385 1957 l.
409 1919 434 1957 8
457 1929 496 1957 SI
519 1929 663 1959 FORTE
686 1917 765 1958 Ad.
789 1917 915 1959 Mart.
941 1921 961 1957 1
989 1918 1013 1958 f.
1035 1918 1102 1971 [ef.
1126 1917 1258 1957 above
1284 1919 1335 1958 16
1359 1932 1411 1957 ln.
1430 1932 1469 1958 n.
1502 1917 1551 1958 A.
1568 1917 1640 1971 SM]

223 2000 260 2040 p.
286 1988 338 2027 66
362 1986 384 2026 l.
409 1988 432 2027 9
466 1997 765 2027 EXPVNGITVR
796 2002 851 2027 cc.
884 1989 918 2027 2.
950 1989 1014 2027 15.
1046 1989 1096 2026 21
1121 2002 1155 2027 a.
1175 2002 1227 2027 m.
1251 1989 1304 2027 35
1329 1986 1497 2028 Oehler.
1560 1987 1669 2027 Adu.

137 2053 264 2094 Marc.
296 2066 347 2094 ΙΙΙ
378 2057 433 2094 24
461 2070 498 2110 p.
523 2056 605 2096 419
633 2055 656 2096 l.
682 2057 735 2096 28
763 2056 837 2096 Kr.
861 2067 909 2095 IV
939 2058 994 2097 34
1020 2071 1058 2110 p.
1083 2055 1164 2096 537
1190 2056 1212 2096 l.
1238 2058 1290 2096 14
1321 2056 1394 2096 Kr.
1418 2068 1447 2095 V
1479 2056 1501 2096 7
1526 2071 1563 2112 p.
1588 2058 1669 2097 596

137 2123 160 2163 l.
185 2125 237 2162 22
268 2123 342 2163 ΚΓ.
404 2124 470 2164 De
502 2123 648 2164 Idolol.
680 2126 701 2164 1
733 2139 793 2179 pr.
826 2126 878 2165 13
907 2139 945 2179 p.
969 2125 1024 2163 44
1055 2124 1077 2164 l.
1103 2126 1155 2165 26
1187 2124 1310 2165 Wiss.
1372 2124 1582 2180 Scorpiac.
1618 2126 1670 2165 10

72 2207 117 2237 3ο
138 2191 296 2233 Oehler
325 2196 382 2248 (p.
409 2195 489 2234 169
520 2193 542 2233 l.
568 2196 620 2234 19
651 2193 806 2247 WViss.)
868 2194 933 2235 De
963 2193 1055 2235 Cor.
1086 2194 1213 2234 Milit.
1246 2197 1266 2234 1
1295 2210 1354 2250 pr.
1419 2195 1529 2236 Pers.
1561 2197 1584 2235 2
1617 2197 1669 2236 13

129 2262 353 2315 promimus
384 2276 630 2316 eoep‘zmyam.
692 2263 818 2303 schol.
853 2269 1032 2304 tractum
1067 2278 1093 2303 α
1125 2263 1341 2311 militibus,
1373 2265 1445 2318 qui
1480 2265 1671 2318 eapzmcti

136 2330 335 2371 dicuntur
365 2331 466 2371 dum
487 2331 618 2385 foras
649 2347 675 2371 α
706 2332 867 2373 militia
898 2333 1154 2373 emittantur.
1217 2332 1404 2373 Dirksen
1438 2333 1648 2374 Manuale.

221 2414 258 2453 p.
284 2401 336 2440 66
360 2399 382 2440 l.
409 2401 461 2440 10
484 2411 757 2441 DEPVTATVR
787 2401 844 2441 ‘is
872 2401 1083 2441 reckoned
1117 2402 1164 2441 of
1189 2402 1333 2442 future
1365 2408 1550 2457 present,
1585 2402 1668 2443 and

133 2467 239 2507 then
271 2469 317 2508 of
344 2475 516 2523 present
549 2469 668 2524 past?

68 2548 111 2579 35
219 2551 256 2590 p.
281 2538 333 2576 66
358 2537 380 2577 l.
406 2539 455 2577 11
491 2549 580 2578 ORO
612 2550 696 2578 VOS
728 2538 838 2578 infra
866 2554 896 2578 c.
927 2538 980 2579 47
1006 2539 1028 2579 f.
1060 2539 1125 2579 De
1155 2538 1279 2580 Carn.
1311 2538 1468 2581 Christ.
1497 2542 1596 2580 2111.
1620 2555 1668 2581 em

131 2620 225 2659 qua,
257 2621 327 2647 oro
360 2612 406 2654 te,
439 2608 715 2649 auctoritate?
778 2610 828 2649 19
853 2609 876 2648 f.
910 2623 981 2649 oro
1019 2624 1099 2657 nos,
1131 2610 1168 2650 si
1200 2610 1269 2650 slei
1299 2609 1477 2663 spiritus
1507 2625 1587 2650 non.
1616 2609 1666 2651 de

132 2674 264 2715 uulua
294 2690 461 2716 carnem
483 2677 826 2731 participaturus
854 2677 1063 2718 descendit
1084 2678 1127 2718 in
1152 2678 1339 2727 uuluam,
1362 2693 1437 2719 cur
1458 2677 1666 2719 descendit

128 2742 173 2781 in
200 2743 405 2784 uuluam?
465 2743 550 2785 Cic.
584 2744 629 2784 in
661 2745 767 2785 lexx.
