1827 3004
231 103 283 142 64
798 100 1197 142 TERTVLLIANI

231 214 462 263 antecedit,
482 227 652 268 possem
672 214 803 254 etiam
823 213 961 253 dicere
980 212 1225 266 quingentis
1244 211 1429 266 amplius
1449 216 1492 252 et
1509 211 1765 260 Homerum,

231 287 394 328 habens
439 302 547 342 quos
591 292 758 341 sequar.
819 286 957 327 Ceteri
1003 299 1176 339 quoque
1220 285 1457 339 prophetae
1503 285 1581 325 etsi
1627 284 1765 338 Moysi

231 366 498 414 postumant,
535 361 835 402 extremissimi
868 365 1016 400 tamen
1050 373 1197 399 eorum
1229 373 1316 399 non
1348 359 1594 399 retrosiores
1627 373 1764 412 repre-

230 434 480 475 henduntur
493 435 753 488 primoribus
765 433 920 474 uestris
933 433 1201 487 sapientibus
1216 438 1259 473 et
1270 432 1453 487 legiferis
1468 437 1510 473 et
1523 432 1735 472 historicis
1748 433 1761 472 ἲ

230 507 350 547 Haec
369 508 525 561 quibus
543 508 765 548 ordinibus
783 506 955 561 probari
974 506 1141 560 possint
1158 521 1245 546 non
1263 511 1356 546 tam
1374 506 1543 546 difficile
1561 511 1626 546 est
1642 506 1766 546 nobis
1786 521 1807 552 5

231 596 442 635 exponere
485 596 615 635 quam
659 595 843 630 enorme,
886 594 965 620 nec
1006 580 1203 629 arduum,
1247 580 1321 620 sed
1361 580 1534 620 interim
1574 579 1763 633 longum.

231 655 378 695 Multis
432 655 732 696 instrumentis
788 669 886 695 cum
942 654 1176 709 digitorum
1231 654 1496 708 supputariis
1550 653 1766 708 gesticulis

230 729 517 769 adsidendum
561 734 637 778 est,
682 727 911 769 reseranda
955 727 1355 781 antiquissimarum
1399 727 1530 767 etiam
1572 727 1765 781 gentium

230 802 418 852 archiua,
462 802 789 857 Aegyptiorum,
833 801 1159 850 Chaldaeorum,
1203 801 1480 851 Phoenicum,
1524 801 1765 841 aduocandi

230 876 468 930 municipes
507 890 654 917 eorum
692 891 768 930 per
807 890 914 930 quos
952 876 1110 916 notitia
1148 875 1476 916 subministrata
1517 880 1592 925 est,
1634 875 1765 929 aliqui

230 950 468 990 Manethon
500 950 741 1004 Aegyptius
774 955 818 990 et
850 950 1034 990 Berosus
1066 949 1319 999 Chaldaeus,
1354 949 1428 990 sed
1461 955 1505 990 et
1535 949 1766 990 Hieromus

230 1025 436 1074 Phoenix,
490 1025 590 1078 Tyri
639 1039 727 1073 rex,
778 1029 1014 1065 sectatores
1063 1038 1235 1077 quoque
1282 1024 1474 1078 ipsorum
1524 1023 1767 1064 Mendesius

231 1099 504 1139 Ptolemaeus
522 1103 565 1139 et
581 1098 816 1138 Menander
833 1098 1046 1152 Ephesius
1063 1103 1106 1138 et
1121 1098 1370 1139 Demetrius
1386 1098 1616 1139 Phalereus
1634 1103 1676 1138 et
1692 1112 1766 1138 rex

230 1172 341 1214 Iuba
360 1178 402 1213 et
420 1173 561 1227 Apion
579 1178 622 1213 et
639 1173 814 1214 Thallus
837 1178 880 1213 et
901 1173 935 1213 si
958 1173 1053 1226 quis
1069 1172 1174 1212 istos
1192 1177 1270 1213 aut
1290 1172 1449 1226 probat
1470 1178 1548 1213 aut
1568 1173 1763 1221 reuincit,

231 1246 419 1287 Iudaeus
438 1247 660 1301 Iosephus,
683 1247 1000 1301 antiquitatum
1020 1246 1297 1287 Iudaicarum
1316 1247 1571 1287 uernaculus
1590 1247 1763 1295 uindex,

233 1320 493 1361 Graecorum
528 1321 659 1362 etiam
694 1321 912 1362 censuales
947 1320 1205 1369 conferendi,
1242 1325 1293 1360 ut
1327 1334 1437 1374 quae
1472 1320 1645 1374 quando
1680 1321 1767 1360 sint

231 1400 351 1449 gesta
396 1400 474 1435 aut
517 1395 896 1435 concatenationes
940 1400 1186 1448 temporum
1230 1394 1492 1447 aperiantur,
1538 1408 1613 1448 per
1657 1409 1767 1447 quae

230 1469 404 1509 luceant
436 1469 658 1509 annalium
689 1469 879 1517 numeri,
928 1467 1288 1522 peregrinandum
1321 1473 1386 1508 est
1415 1468 1460 1508 in
1492 1468 1691 1509 historias
1725 1475 1767 1509 et

230 1543 397 1583 litteras
436 1543 562 1583 orbis.
623 1543 683 1583 Et
720 1547 868 1583 tamen
907 1541 1030 1596 quasi
1067 1546 1237 1595 partem
1274 1542 1361 1581 iam
1399 1541 1667 1596 probationis
1704 1543 1765 1583 in—

231 1619 422 1667 tulimus,
464 1633 561 1659 cum
600 1633 675 1673 per
713 1632 823 1672 quae
861 1618 1033 1672 probari
1071 1618 1238 1672 possint
1275 1619 1546 1672 aspersimus.
1606 1619 1765 1659 Verum

231 1697 400 1737 differre
439 1702 645 1750 praestat,
686 1696 755 1736 uel
793 1710 847 1736 ne
886 1696 1028 1736 minus
1067 1710 1376 1750 persequamur
1413 1696 1658 1736 festinando
1698 1696 1763 1736 uel

231 1772 394 1813 diutius
424 1787 655 1827 euagemur
684 1773 993 1827 persequendo.

314 1903 386 1943 20.
447 1903 549 1943 Plus
567 1903 654 1943 iam
675 1903 894 1944 offerimus
914 1918 990 1958 pro
1011 1904 1094 1944 ista
1116 1904 1322 1944 dilatione
1343 1905 1615 1945 maiestatem
1636 1905 1764 1958 scrip-

231 1984 441 2029 turarum,
486 1980 520 2020 si
562 1994 650 2020 non
692 1985 915 2021 uetustate
958 1981 1127 2021 diuinas
1169 1981 1415 2034 probamus,
1461 1981 1495 2021 si
1538 1981 1766 2021 dubitatur

231 2056 484 2109 antiquitas.
546 2056 635 2096 Nec
666 2056 746 2097 hoc
777 2057 944 2097 tardius
974 2063 1052 2098 aut
1082 2057 1255 2098 aliunde
1285 2058 1550 2098 discendum.
1612 2058 1764 2098 Coram

231 2138 334 2173 sunt
359 2147 468 2186 quae
493 2132 724 2182 docebunt,
751 2133 939 2174 mundus
964 2139 1007 2174 et
1031 2134 1249 2174 saeculum
1275 2139 1318 2175 et
1342 2135 1495 2175 exitus.
1552 2134 1764 2188 Quicquid

232 2210 385 2263 agitur,
413 2210 829 2263 praenuntiabatur,
869 2211 1075 2265 quicquid
1100 2211 1285 2260 uidetur,
1313 2211 1583 2251 audiebatur.
1641 2211 1765 2259 Quod

231 2291 370 2326 terrae
391 2292 549 2326 norant
569 2287 708 2336 urbes,
732 2288 849 2341 quod
868 2288 1030 2329 insulas
1051 2289 1186 2328 maria
1207 2288 1425 2337 fraudant,
1450 2289 1566 2342 quod
1588 2294 1765 2329 externa

231 2368 364 2416 atque
398 2364 567 2403 interna
603 2363 714 2404 bella
745 2364 969 2414 dilaniant,
1003 2365 1119 2419 quod
1154 2366 1293 2420 regnis
1327 2380 1457 2420 regna
1492 2366 1762 2419 conpulsant,

233 2438 349 2491 quod
382 2438 518 2479 fames
552 2444 595 2479 et
627 2440 717 2480 lues
752 2446 795 2481 et
827 2441 982 2482 locales
1016 2456 1213 2496 quaeque
1247 2442 1388 2482 clades
1422 2447 1465 2482 et
1498 2442 1765 2495 frequentiae

231 2514 483 2568 plerumque
546 2517 751 2557 mortium
813 2523 1005 2568 uastant,
1066 2519 1182 2572 quod
1239 2519 1420 2559 humiles
1482 2518 1762 2567 sublimitate,

230 2590 434 2631 sublimes
462 2591 707 2633 humilitate
734 2600 974 2644 mutantur,
1005 2595 1121 2649 quod
1148 2595 1314 2635 iustitia
1341 2595 1529 2644 rarescit,
1557 2595 1765 2648 iniquitas

230 2665 516 2716 increbrescit,
558 2667 770 2709 bonarum
809 2671 1003 2711 omnium
1042 2672 1365 2726 disciplinarum
1404 2685 1504 2711 cura
1543 2671 1763 2724 torpescit,

233 2743 349 2796 quod
369 2744 500 2784 etiam
519 2744 657 2785 officia
676 2751 922 2800 temporum
942 2753 986 2788 et
1005 2748 1314 2788 elementorum
1334 2748 1480 2788 munia
1501 2746 1764 2797 exorbitant,

1789 894 1827 916 10

1789 1264 1827 1296 15

1787 2077 1827 2107 25

1786 2456 1827 2487 30
