1827 3004
171 55 255 94 430
732 54 1132 95 TERTVLLIANI
1360 59 1419 112 [p.
1447 59 1574 101 1261.
1603 62 1704 102 17—

259 179 473 207 MODICVM
531 174 609 208 cet.
666 167 763 208 Sen.
816 182 879 223 ep.
930 170 983 209 94
1031 167 1049 224 ξ
1091 168 1112 209 7
1167 170 1370 224 optimam
1421 171 1578 213 doloris
1628 188 1709 215 esse

172 242 384 284 naturam,
424 236 534 290 qaod
580 251 656 277 non
707 242 840 291 potest
885 252 957 278 nec
1003 238 1078 292 qai
1121 239 1356 280 eoetemlitur
1393 255 1573 294 maynas
1617 257 1709 292 esse,

170 321 241 347 ozec
270 307 342 360 (lai
373 312 430 347 est
458 321 637 360 magnus
666 307 838 348 ezzrtencli.
903 306 988 348 Cic.
1012 307 1078 348 De
1101 307 1239 349 Finib.
1264 320 1297 348 ΙΙ
1318 307 1337 364 ξ
1360 312 1412 349 22
1434 310 1523 350 iam
1555 311 1711 353 doloris

171 376 475 416 medicamenta
516 376 595 416 illa
638 376 853 431 Epicurea
899 383 1117 431 tamquam
1157 378 1207 418 cle
1248 380 1458 421 narthecio
1493 387 1711 434 prement:

132 459 150 489 5
171 445 214 485 si
242 445 430 498 gyronis,
463 445 656 495 breais;
691 446 734 486 si
766 446 949 500 towns,
983 447 1116 488 leuis.
1178 447 1233 488 ib.
1262 446 1300 503 ἐξ
1332 451 1396 489 94.
1427 451 1491 490 95.
1555 449 1712 491 Oehler

173 514 211 554 h.
245 515 267 555 l.
301 514 407 555 cites
439 515 562 571 Diog.
599 515 738 556 Laert.
774 527 805 556 X
839 518 921 556 140
952 516 1187 572 (Menage).
1251 517 1361 558 Plut.
1399 517 1464 559 De
1499 518 1713 560 Audiend.

174 584 290 624 Poet.
323 583 408 626 36¹0.
470 585 526 626 Μ.
561 585 768 626 Antonin.
803 597 869 625 VII
907 590 928 626 5
967 586 1051 627 and
1089 588 1153 628 38.
1216 587 1264 627 cf.
1298 586 1467 628 Usener
1502 587 1711 643 Epicurea

174 652 239 693 Fr.
268 654 352 694 446
383 652 462 694 447
493 669 561 709 pp.
594 656 745 694 291-2.

260 738 297 778 p.
323 725 404 764 126
438 723 460 763 l.
487 725 538 763 19
568 734 886 764 SPECVLATORE
913 723 1072 765 Minuc.
1097 725 1149 765 32
1176 722 1241 779 §9
1274 731 1426 779 quanto
1455 726 1592 780 mayis
1613 726 1713 767 cleas

110 811 154 832 10
172 798 319 833 auctor
349 792 536 833 onmium
567 807 616 833 ac
642 792 877 846 speculator
903 792 1101 842 omnium,
1124 808 1151 833 a
1178 808 1255 847 qao
1282 794 1449 834 nullam
1470 800 1605 849 potest
1630 809 1712 836 esse

172 867 382 906 secretum,
415 860 590 902 tenebris
625 861 803 909 interest,
834 860 1003 902 interest
1040 861 1357 915 coyitationibas
1395 864 1561 912 nostris,
1591 865 1713 918 quasi

173 930 320 971 alteris
356 929 563 971 tenebris!
624 929 818 970 Lactant.
852 941 900 970 VI
936 933 988 970 18
1020 928 1114 984 §12
1146 931 1257 972 sedet
1288 932 1399 973 enim
1432 933 1643 974 maoeimus
1678 939 1714 975 et

174 999 449 1053 aequissimus
469 998 596 1039 iader
615 999 853 1053 speculator
875 1013 923 1040 ac
946 999 1058 1040 testis
1080 1000 1275 1041 omnium.
1326 1000 1384 1042 ib.
1409 1003 1463 1042 24
1484 1000 1522 1057 ἐξ
1546 1004 1713 1043 11-20

174 1068 440 1109 remarkable
477 1073 665 1108 extracts
706 1068 813 1108 from
856 1067 1030 1108 Seneca.
1067 1079 1102 1108 Π
1138 1067 1241 1125 16’ἓ
1272 1071 1308 1110 8.
1369 1070 1436 1111 De
1467 1071 1539 1112 Ira
1570 1074 1595 1112 8
1626 1070 1645 1127 ἓ
1676 1074 1712 1113 8.

111 1158 153 1189 15
176 1138 378 1179 Prudent.
417 1137 614 1180 Cathem.
654 1149 687 1178 ΙΙ
727 1140 808 1178 105
851 1139 1090 1192 speculator
1125 1139 1267 1180 adstat
1308 1140 1493 1195 desuper,
1535 1141 1607 1195 qui
1643 1156 1715 1182 'nos

174 1208 316 1249 cliebus
365 1207 552 1249 omnibns
598 1214 792 1262 actusque
832 1213 994 1249 nostros
1031 1208 1241 1263 prospicit
1282 1223 1309 1249 a
1351 1209 1438 1268 luce
1478 1211 1628 1264 prima
1668 1211 1714 1252 in

178 1292 404 1332 aesperam.
466 1278 531 1319 hic
563 1277 687 1327 testis,
718 1277 784 1318 hic
815 1282 872 1318 est
903 1276 1072 1326 arbiter,
1104 1282 1182 1318 etc.

262 1358 583 1387 DISPVNGIMVR
634 1362 667 1388 c.
711 1349 764 1387 18
805 1361 844 1401 p.
889 1348 942 1387 58
987 1347 1200 1388 suscitatis
1252 1347 1439 1389 omnibus
1490 1348 1540 1390 ab
1593 1349 1715 1391 initio

175 1416 383 1471 defunctis
436 1422 472 1458 et
527 1416 773 1472 reformatis
828 1422 865 1457 et
919 1417 1133 1458 recensitis
1184 1416 1240 1458 acl
1301 1417 1518 1472 utriusque
1574 1420 1715 1460 meriti

110 1505 156 1527 20
175 1485 517 1539 dispunctionem.
578 1500 608 1527 c.
633 1485 685 1526 37
719 1485 757 1526 si
778 1485 941 1525 malam
962 1486 1075 1527 malo
1093 1500 1221 1540 penes
1241 1501 1315 1527 nos
1335 1486 1536 1541 clispunyi
1564 1488 1712 1530 liceret.

175 1571 206 1597 c.
229 1558 284 1596 44
306 1571 344 1597 n.

262 1641 299 1681 p.
326 1628 406 1667 126
436 1626 460 1667 l.
486 1627 539 1666 20
569 1637 667 1666 SOLI
699 1641 731 1667 c.
755 1627 809 1667 30
832 1640 870 1681 p.
895 1627 948 1667 96
972 1626 995 1667 l.
1019 1628 1075 1667 30
1107 1626 1179 1681 qai
1204 1641 1297 1668 eam
1319 1627 1399 1681 (i.e.
1423 1627 1578 1681 Deam)
1604 1628 1714 1669 solas

175 1695 353 1737 obserao.

262 1780 299 1820 p.
326 1766 408 1805 126
432 1764 471 1804 ll.
497 1765 551 1804 20
567 1764 608 1804 ff.
631 1763 826 1805 Internal
849 1763 1051 1804 evidence
1073 1763 1119 1804 in
1141 1763 1280 1806 Tem:
1312 1780 1344 1806 c.
1367 1766 1420 1806 49
1445 1780 1482 1820 p.
1508 1767 1590 1807 140
1613 1765 1636 1807 l.
1661 1768 1710 1806 21

112 1853 155 1884 25
175 1833 349 1888 appeals
400 1840 476 1874 not
527 1833 627 1888 only
673 1839 718 1873 to
765 1833 840 1874 the
882 1832 1080 1873 intrinsic
1121 1834 1360 1874 excellence
1403 1834 1450 1874 of
1495 1834 1715 1876 Christian

175 1902 378 1951 doctrine,
410 1902 492 1943 but
525 1908 569 1942 to
603 1902 660 1942 its
698 1901 824 1942 fruits
857 1901 1129 1955 (Tzschirner
1164 1903 1264 1956 165)
1296 1903 1341 1943 in
1378 1902 1598 1945 Christian
1632 1904 1714 1945 life.

176 1986 207 2011 c.
242 1973 291 2010 21
328 1971 396 2011 fin.
435 1972 622 2025 qzaterite
656 1986 762 2025 erqo,
795 1972 832 2011 si
868 1986 972 2012 uera
1004 1971 1059 2012 sit
1094 1972 1179 2012 ista
1210 1971 1418 2012 diuinitas
1450 1972 1618 2014 Christi.
1679 1974 1717 2014 si

176 2055 224 2081 ea
247 2046 315 2088 est,
337 2055 420 2095 qua
446 2041 609 2094 cogsnita
636 2041 693 2081 acl
720 2040 870 2081 bonam
898 2041 992 2095 qais
1018 2040 1280 2095 reformetur,
1304 2041 1500 2096 sequitur,
1524 2048 1568 2083 ut
1587 2042 1715 2096 falsa

176 2111 439 2151 renuntietar
460 2110 634 2163 (patenis
660 2110 751 2150 alia
780 2110 997 2151 contraria
1021 2116 1242 2163 comperta.
1303 2110 1462 2151 Arnob.
1486 2122 1501 2150 Ι
1525 2112 1548 2151 6
1572 2113 1625 2151 38
1649 2113 1713 2153 39.

115 2197 158 2227 30
178 2178 293 2234 Orig.
327 2178 472 2220 Contr.
507 2178 615 2219 Cels.
648 2190 663 2217 Ι
695 2193 726 2218 c.
761 2180 785 2218 3
818 2192 855 2232 p.
892 2180 914 2217 2
948 2177 1022 2218 the
1054 2177 1125 2218 life
1158 2179 1204 2218 of
1235 2177 1477 2219 Christians
1510 2179 1584 2220 the
1620 2179 1716 2220 best

177 2249 357 2304 apology
386 2249 433 2289 of
458 2248 615 2290 Christ.
679 2263 710 2288 c.
734 2250 785 2289 31
817 2262 885 2302 pp.
911 2249 964 2287 23
993 2249 1047 2287 24
1078 2248 1206 2288 Jesus
1238 2254 1313 2289 not
1344 2248 1504 2303 taught
1532 2249 1578 2289 of
1606 2264 1714 2290 man.

177 2317 232 2357 ib.
264 2333 295 2358 c.
329 2317 380 2358 67
415 2332 453 2372 p.
487 2319 540 2358 53
578 2317 834 2371 gentleness,
868 2316 1104 2371 discipline,
1137 2317 1343 2358 kindness
1380 2318 1426 2357 of
1462 2317 1716 2359 Christians.

177 2387 224 2427 cf.
248 2402 285 2441 p.
306 2389 356 2426 21
383 2386 624 2428 Christians
647 2387 752 2426 from
777 2386 997 2426 heathens.
1050 2396 1102 2425 ΙΙΙ
1126 2400 1158 2426 c.
1181 2387 1236 2426 30
1258 2400 1327 2440 pp.
1349 2387 1486 2427 128—9
1509 2386 1715 2427 churches

177 2462 222 2497 at
260 2456 429 2497 Athens
466 2456 550 2496 and
588 2455 782 2504 Corinth,
814 2455 1039 2509 compared
1076 2454 1180 2495 with
1219 2454 1407 2495 heathen
1443 2454 1714 2509 neighbours.

113 2539 156 2570 35
178 2525 332 2566 Iustin.
365 2525 488 2580 Apol.
520 2536 535 2564 I
568 2540 599 2565 C.
632 2526 686 2565 30
718 2539 755 2578 p.
791 2526 840 2563 21
878 2522 966 2568 υἱὸς
1004 2523 1049 2564 δὲ
1082 2523 1181 2564 θεοῦ
1215 2521 1235 2564 ὁ
1270 2521 1441 2574 Ἰησοῦς
1471 2522 1715 2576 λεγόμενος,

179 2593 214 2636 εἰ
255 2594 327 2635 καὶ
372 2596 524 2638 κοινῶς
560 2593 690 2646 μόνον
731 2591 971 2647 ἄνθρωπος,
1010 2590 1080 2632 διὰ
1123 2590 1286 2646 σοφίαν
1321 2590 1440 2644 ἄξιος
1484 2590 1573 2635 υἱὸς
1615 2591 1713 2632 θεοῦ

177 2661 399 2716 λέγεσθαι.
474 2661 689 2702 Eviclence
738 2662 785 2701 of
830 2660 1051 2702 Christian
1092 2659 1176 2707 life,
1220 2659 1273 2700 ib.
1316 2659 1438 2714 Apol.
1482 2655 1497 2699 i
1541 2661 1593 2699 12
1641 2661 1714 2711 (no

179 2730 418 2785 exposition
447 2731 493 2770 of
519 2729 710 2770 children
736 2744 767 2770 c.
795 2731 848 2770 36
876 2728 961 2781 37).
1023 2729 1070 2769 cf.
1094 2728 1308 2783 Athenag.
1332 2742 1363 2768 c.
1389 2730 1438 2768 11
1462 2742 1531 2783 pp.
1557 2730 1606 2768 11
1634 2730 1714 2769 12:
