1827 3004
194 82 272 122 172
754 81 1155 122 TERTVLLIANI
1412 81 1469 134 [p.
1496 79 1546 119 18
1568 78 1595 118 l.
1621 78 1729 117 23—

190 195 291 238 deas
322 202 404 237 est:
439 210 522 238 ecce
555 202 733 237 ornatur
764 202 1031 237 consecratur
1063 202 1235 237 oratur:
1266 201 1361 254 tanc
1387 200 1597 249 postremo
1629 192 1729 234 deus

191 271 260 313 est,
291 280 384 306 cum
415 265 533 306 homo
564 265 685 305 illum
717 265 851 306 uoluit
883 271 919 306 et
950 266 1173 306 dedicauit.

278 350 316 390 p.
336 338 388 375 18
406 335 428 375 1.
447 337 501 375 24
518 346 649 375 HOMO
671 323 759 375 IAM’
780 346 868 375 DEo
891 346 1128 375 PROPITIVS
1151 346 1254 375 ESSE
1278 346 1473 375 DEBEBIT
1494 349 1524 374 c.
1545 335 1598 374 29
1616 347 1654 387 p.
1673 333 1728 372 94

191 403 213 443 1.
240 403 289 443 27
318 409 403 444 tota
429 403 583 457 tempta
612 402 661 443 de
686 408 791 443 nutu
819 402 1020 444 Caesaris
1045 409 1242 444 constant.
1303 403 1430 444 multi
1455 402 1629 455 denique
1660 399 1729 440 dei

149 484 168 515 5
190 472 422 513 habuerant
446 471 668 513 Caesarem
690 472 860 513 iratum.
912 472 1029 527 facit
1051 472 1108 513 ad
1130 487 1314 521 cansam,
1335 472 1373 512 si
1393 474 1430 514 et
1451 469 1727 527 propitium

190 555 283 582 cam
304 540 393 580 illis
416 540 584 594 aliquid
606 539 878 581 liberalitatis
900 546 974 581 aut
989 540 1215 595 priuileyii
1235 540 1404 595 confert.

276 624 313 664 p.
340 612 392 649 18
415 609 438 649 l.
463 610 517 648 24
538 619 945 649 TIBERIVS...CVIVS
973 620 1186 650 TEMPORE
1215 620 1377 650 NOMEN
1410 618 1727 649 CHRISTIANVM

190 688 239 718 IN
271 663 514 718 SAECi'LVM
547 687 786 717 INTROIVIT
819 677 841 717 7
875 692 913 732 p.
938 679 991 717 24
1014 678 1037 718 l.
1062 680 1113 718 21
1145 692 1287 719 census
1314 678 1437 719 istius
1465 676 1728 731 disciplinae,

190 752 235 788 ut
255 747 346 787 iam
366 746 589 806 edidimus,
605 761 632 786 a
657 746 820 788 Tiberio
841 753 909 788 est.
963 749 1013 787 21
1038 762 1098 802 pr.
1121 762 1159 802 p.
1176 749 1228 788 66
1252 747 1276 788 l.
1294 749 1347 787 14
1368 753 1522 788 sectam
1543 746 1724 787 istam...

130 832 171 854 10
191 817 408 870 aliquanto
449 816 671 864 mitellam,
712 822 758 857 ut
798 816 1060 857 Tiberiani
1102 817 1311 872 temporis,
1348 816 1542 872 plerique
1582 815 1728 856 sciunt.

191 887 246 925 40
267 900 327 940 pr.
345 900 384 940 p.
404 887 485 926 116
509 885 532 926 l.
558 887 610 925 18
628 891 724 927 ante
745 885 1017 933 Tiberium,
1038 886 1085 926 iol
1106 892 1164 927 est
1185 892 1280 927 ante
1307 886 1466 926 Christi
1490 885 1728 925 aduentam.

191 954 375 995 Pearson
408 953 663 1009 Exposition
695 954 742 994 of
768 954 842 995 the
875 953 1013 996 Creed
1045 960 1122 996 art.
1154 966 1187 995 ΙΙ
1220 954 1389 997 Cambr.
1422 956 1546 1001 1882,
1577 968 1614 1008 p.
1648 955 1728 994 195

190 1028 208 1043 “
225 1022 465 1064 Tertullian
487 1038 625 1064 seems
647 1029 692 1064 to
714 1023 839 1064 make
862 1023 898 1064 it
921 1024 1033 1066 <the
1057 1023 1279 1066 Christian
1302 1035 1468 1064 name>
1490 1037 1535 1063 as
1557 1022 1729 1063 ancient

190 1107 234 1133 as
264 1092 340 1133 the
368 1092 489 1147 reign
519 1092 566 1133 of
591 1092 941 1134 Tiberius...But
963 1093 985 1133 I
1007 1093 1205 1134 conceive
1228 1092 1383 1134 indeed
1406 1092 1458 1133 he
1481 1092 1634 1147 speaks
1655 1097 1731 1132 not

130 1175 169 1206 15
191 1164 238 1203 of
260 1162 334 1204 the
362 1178 500 1211 name,
522 1163 603 1204 but
625 1163 671 1203 of
694 1163 768 1204 the
794 1153 1249 1219 religion...However
1270 1163 1345 1204 the
1368 1177 1493 1203 name
1515 1162 1562 1203 of
1585 1161 1729 1203 Chris-

190 1231 283 1272 tian
314 1231 350 1271 is
381 1237 457 1272 not
489 1246 534 1272 so
565 1231 738 1273 ancient
770 1247 815 1273 as
847 1231 1057 1280 Tiberius,
1088 1247 1176 1280 nor,
1207 1247 1253 1273 as
1285 1231 1307 1271 I
1340 1230 1478 1279 think,
1510 1231 1557 1271 of
1583 1230 1729 1271 Gaius.

190 1301 318 1342 Some
335 1300 507 1342 ancient
525 1301 682 1342 author
697 1301 742 1342 in
760 1301 917 1342 Suidas
934 1301 996 1354 (in
1016 1302 1266 1357 Ναζαραῖος
1283 1301 1368 1341 and
1385 1301 1431 1341 in
1445 1298 1730 1355 Χριστιαιιοί)

188 1385 355 1411 assures
386 1385 447 1419 us,
474 1370 571 1412 that
602 1370 637 1412 it
669 1386 753 1412 was
784 1371 877 1412 first
909 1371 1066 1412 named
1096 1371 1143 1412 in
1174 1371 1249 1412 the
1281 1370 1404 1426 reign
1435 1371 1483 1411 of
1509 1369 1730 1417 Claudius,

188 1439 312 1479 when
336 1438 388 1479 St
412 1439 540 1480 Peter
561 1439 645 1480 had
675 1440 878 1481 ordained
909 1440 1102 1481 Euodius
1129 1440 1284 1495 bishop
1313 1441 1359 1480 of
1382 1439 1732 1480 Antioch...And

126 1525 170 1547 20
190 1509 405 1549 Iohannes
436 1508 734 1550 Antiochenus
755 1510 837 1563 (Le.
871 1510 1062 1557 Malalas,
1094 1509 1313 1565 chronogr.
1343 1524 1381 1564 p.
1413 1508 1494 1550 247
1528 1509 1727 1561 Bonn)...

189 1578 288 1619 tells
305 1593 354 1619 us
373 1578 469 1619 that
488 1578 694 1620 Euodius.
707 1594 824 1620 ..was
842 1580 916 1620 the
934 1579 1091 1620 author
1107 1580 1154 1620 of
1169 1580 1243 1620 the
1260 1579 1422 1620 name.''
1484 1580 1532 1620 cf.
1548 1579 1731 1634 Lipsius,

189 1646 337 1688 Ueber
367 1646 451 1687 den
483 1646 714 1703 Ursprung
746 1648 835 1688 und
868 1648 951 1689 den
985 1648 1174 1689 altesten
1209 1648 1436 1689 Gebrauch
1473 1648 1548 1689 des
1586 1647 1731 1690 Chris-

190 1722 456 1763 tennamens‚
487 1715 599 1756 Jena
633 1715 754 1757 1873.

279 1784 381 1825 ibid.
397 1796 559 1825 NOMEN
577 1796 895 1826 CHRISTIANVM
914 1786 1016 1827 Arn.
1034 1798 1047 1826 1
1068 1788 1120 1828 19
1139 1787 1163 1827 f.
1179 1786 1530 1828 Christianum
1553 1801 1731 1827 nomen

128 1868 169 1899 25
192 1855 336 1896 odisse.
378 1854 469 1895 ibid
490 1869 521 1895 c.
542 1856 565 1895 2
584 1870 621 1910 p.
640 1856 666 1894 4
684 1857 709 1896 3
726 1862 956 1910 postquam
978 1870 1061 1897 esse
1081 1871 1229 1898 ‘nomen
1249 1857 1295 1897 in
1316 1857 1442 1898 terris
1465 1856 1732 1897 Christianae

192 1923 413 1977 reliyionis
442 1924 602 1977 occepit.
665 1924 777 1980 Aug.
801 1939 832 1964 c.
856 1924 906 1964 D.
931 1936 946 1964 Ι
972 1926 1023 1964 15
1054 1925 1184 1966 multo
1210 1924 1350 1966 minus
1380 1939 1557 1965 nomen
1589 1925 1731 1966 crimi-

191 1993 381 2033 nandum
403 1998 461 2033 est
483 1991 844 2034 Christianum.

279 2077 317 2116 p.
344 2064 395 2102 18
429 2061 452 2102 l.
487 2063 540 2103 26
564 2073 865 2104 ADNVNTIATA
902 2075 991 2104 SIBI
1023 2075 1086 2104 EX
1117 2075 1253 2104 SYRIA
1285 2075 1579 2113 PALAESTINA,
1610 2075 1732 2112 QVAE

192 2142 313 2171 ILLIC
344 2142 609 2171 VERITATEM
641 2143 784 2173 IPSIVS
817 2144 1101 2173 DIVINITATIS
1132 2144 1512 2181 REVELAVERANT,
1536 2144 1732 2173 DETVLIT

129 2212 172 2242 30
193 2211 254 2240 AD
277 2211 491 2240 SENATVM
514 2212 609 2241 CVM
631 2212 985 2242 PRAEROGATIVA
1003 2213 1246 2242 SVFFRAGII
1269 2214 1352 2243 SVI.
1395 2214 1607 2251 SENATVS,
1621 2214 1731 2251 QVIA

193 2280 287 2309 NON
310 2280 407 2309 IPSE
430 2280 741 2318 PROBAVERAT,
764 2281 964 2319 RESPVIT‚
988 2283 1162 2312 CAESAR
1188 2284 1236 2312 IN
1265 2283 1520 2313 SENTENTIA
1550 2283 1731 2319 MANSIT,

192 2351 491 2380 COMMINATVS
520 2351 785 2381 PERICVLVM
814 2353 1184 2383 ACCVSATORIBVS
1213 2354 1593 2383 CHRISTIANORVM
1622 2357 1654 2383 c.
1679 2344 1728 2382 21

191 2424 229 2464 p.
255 2410 307 2450 72
331 2410 354 2449 l.
380 2412 432 2451 26
463 2425 511 2451 ea
540 2411 682 2451 omnia
711 2426 837 2466 saper
869 2411 1032 2452 Christo
1055 2411 1241 2460 Pilatus,
1265 2418 1301 2453 et
1321 2412 1410 2467 ipse
1437 2412 1524 2453 iam
1549 2426 1632 2466 pro
1653 2426 1728 2452 sua

194 2478 443 2519 conscientia
479 2478 755 2526 Christianus,
784 2479 962 2521 Caesari
990 2486 1084 2522 tunc
1115 2480 1278 2521 Tiberio
1306 2481 1532 2521 nuntiauit.
1593 2480 1666 2521 sed
1697 2486 1733 2521 et

131 2559 172 2589 35
197 2547 396 2588 Caesares
428 2547 701 2589 credidissent
730 2563 856 2603 saper
889 2548 1065 2597 Christo,
1094 2550 1133 2590 si
1163 2555 1237 2590 aut
1261 2549 1460 2590 Caesares
1490 2564 1569 2590 non
1603 2554 1733 2590 essent

192 2616 417 2657 necessarii
443 2617 617 2664 saeculo,
641 2622 714 2657 aut
742 2618 780 2658 si
811 2623 847 2658 et
881 2617 1116 2659 Christiani
1140 2618 1374 2673 potuissent
1405 2632 1488 2659 esse
1521 2617 1732 2658 Caesares.

194 2684 291 2724 Eus.
316 2684 354 2725 h.
377 2699 411 2725 e.
434 2695 468 2724 II
498 2686 521 2724 2
554 2685 661 2726 cites
693 2686 870 2727 Tertull.
900 2687 984 2727 and
1015 2686 1164 2742 Chrys.
1194 2687 1305 2728 hom.
1336 2688 1389 2728 26
1422 2686 1467 2727 in
1500 2688 1523 2726 2
1557 2685 1650 2727 Cor.
1681 2689 1732 2737 (X

194 2752 317 2805 6240)
352 2760 522 2808 repeats
560 2754 634 2794 the
672 2755 768 2795 tale.
842 2755 1077 2796 Tillemont
1113 2759 1257 2807 (mem.
1291 2756 1388 2796 eccl.
1421 2767 1448 2803 Ι,
1484 2755 1574 2797 Par.
1610 2756 1732 2803 1693,
