1827 3004
107 121 147 162 p.
178 106 302 147 1161.
332 107 401 158 19]
609 106 1046 149 APOLOGETICVS
1078 109 1131 149 40
1559 109 1640 148 405

105 221 154 261 cf.
175 218 213 276 ἐξ
234 223 260 262 3
283 223 309 261 4
331 223 406 268 5,a
427 220 525 261 wild
547 221 648 262 bull.
712 221 772 262 Cf.
799 221 981 263 Rufinus
1010 223 1048 263 h.
1072 238 1105 264 e.
1131 234 1179 263 IX
1203 225 1227 263 6
1251 238 1309 278 pr.
1373 222 1561 278 Spencer
1582 237 1637 263 on

106 287 221 344 Orig.
241 288 385 331 Contr.
405 288 513 331 Cels.
530 300 583 329 ΙΙΙ
605 304 636 330 c.
656 291 711 330 30
728 304 765 344 p.
787 292 867 331 129
891 291 914 331 l.
939 292 974 332 9.
1037 306 1146 332 omn.
1171 291 1334 333 Comm.
1359 307 1411 332 on
1435 291 1560 332 Mati.
1584 292 1638 332 39

105 359 174 409 (IV
203 358 286 398 270
308 357 365 405 L.‚
388 373 441 398 on
465 357 591 399 Mati.
621 359 674 397 24
700 359 755 408 9).
818 359 927 413 Aug.
952 358 1096 400 Contr.
1127 359 1271 401 Faust.
1304 371 1406 400 XXII
1430 359 1483 401 79
1502 359 1576 400 fin.

191 437 364 468 TANTOS
395 442 426 468 c.
452 429 486 467 1.
549 441 580 467 c.
604 428 658 467 50
682 441 719 481 p.
743 442 795 467 m.

194 507 283 537 ORO
306 502 384 537 cet.
437 496 594 537 Arnob.
628 507 643 535 Ι
676 497 701 536 3
744 496 838 536 ‘sed
872 497 1157 550 pestilentias,'
1191 498 1398 552 inquiunt,
1433 502 1493 539 ‘et
1523 497 1638 538 sicci-
1660 508 1679 540 5

105 570 219 612 tates,
264 565 383 613 bella,
423 564 610 619 fmyam
654 565 857 618 inopiam,
904 566 1093 614 locustas,
1141 581 1277 607 mures
1321 573 1357 607 et
1399 567 1639 620 yrandines,

104 648 247 687 resque
288 634 402 674 alias
442 634 603 681 noxias,
646 633 793 688 quibus
838 635 1003 688 neyotia
1046 635 1318 676 incursantur
1357 636 1553 683 hamana,
1596 635 1641 676 di

105 702 220 742 nobis
254 703 486 757 important
515 702 692 743 iniariis
723 702 874 743 uestris
905 708 1027 756 atque
1059 702 1349 756 offensionibus
1380 703 1639 757 erasperatis

105 773 144 811 si
163 771 204 810 in
230 771 349 812 rebus
371 771 610 826 perspicuis
636 776 673 812 et
700 771 868 811 nullam
896 770 1229 812 desiderantibus
1255 771 1532 825 defensionem
1560 786 1640 811 non

104 840 352 881 stoliditatis
373 846 472 882 esset
492 840 654 882 diutius
674 840 912 888 immorari,
936 840 1189 881 ostenderem
1214 840 1402 895 profecto
1424 840 1641 894 replicatis
1661 858 1703 881 10

99 909 318 963 prioribus
339 910 517 951 saeculis
538 910 658 950 mala
678 909 762 951 ista
792 923 898 963 qnae
927 908 1069 949 dicitis
1097 924 1177 949 non»
1206 923 1288 950 esse
1316 909 1538 963 incoffin'ta,
1559 923 1639 949 non

103 979 389 1032 repentina...‘
400 977 608 1033 penaria,'
633 978 780 1032 inquit,
804 977 998 1032 ‘fruyam
1024 983 1061 1018 et
1092 977 1640 1032 ansmstiaefrunientariae

105 1047 243 1088 artius
270 1061 342 1087 nos
368 1046 539 1088 liabent?
601 1047 776 1100 antiqua
804 1045 915 1086 enim
943 1051 980 1087 et
1006 1046 1289 1086 uetustissima
1316 1046 1484 1086 saecula
1510 1059 1639 1086 neces-

105 1115 244 1156 sitatis
285 1115 408 1156 istius
449 1114 677 1169 aliquando
711 1113 894 1169 fuerant
933 1114 1121 1168 expertia
1138 1113 1429 1168 ?...‘dzfficiles
1462 1113 1641 1167 planiae

103 1189 199 1225 sata
228 1183 403 1239 faciant
437 1183 569 1224 emori
609 1189 646 1224 et
681 1182 946 1224 sterilitatem
986 1182 1179 1224 indicunt
1219 1183 1366 1224 terris.'
1439 1182 1640 1224 immunis
1662 1200 1704 1230 15

105 1253 215 1294 enim
247 1253 478 1307 antiquitas
505 1252 631 1293 malis
658 1252 709 1293 ab
736 1252 801 1292 liis
821 1252 947 1307 fait?
1005 1267 1100 1293 cam
1129 1252 1257 1293 etiam
1277 1253 1465 1307 flamina
1494 1267 1640 1306 6097ῑο-

106 1322 292 1363 uerimzis
312 1321 499 1376 inyentia
523 1321 638 1361 limis
661 1321 874 1361 inaruisse
901 1321 1077 1362 siccatis.
1139 1321 1418 1375 ‘pestilentiae
1446 1320 1640 1374 contayia

103 1397 233 1432 urant
251 1405 379 1445 glenus
400 1390 655 1431 humanam.5
715 1390 940 1431 annalium
965 1390 1189 1444 scriptores
1210 1390 1445 1444 percurrite
1474 1390 1638 1444 linqua-

103 1475 199 1500 rum
221 1459 539 1501 diuersitatibas
558 1459 729 1513 scripta,
746 1459 970 1500 uniuersas
990 1459 1158 1500 discetis
1181 1465 1320 1513 yentes
1345 1473 1638 1513 saepenumero

104 1528 314 1570 desolatas
354 1534 390 1569 et
425 1528 628 1568 uiclaatas
660 1528 749 1568 suis
785 1542 868 1569 esse
901 1527 1425 1569 caltoribus...‘terraram
1460 1528 1638 1569 ualidis·
1658 1546 1703 1568 20

103 1598 224 1638 simis
246 1597 421 1638 motibus
442 1597 710 1651 tremefactae
737 1603 888 1639 nutant
918 1613 1043 1652 usqae
1074 1598 1131 1639 ad
1158 1598 1397 1651 periculam
1426 1597 1639 1638 ciuitates?

103 1666 231 1720 qaid?
266 1666 450 1707 hiatibus
470 1666 671 1707 ‘maximis
691 1667 941 1721 interceptas
956 1667 1076 1708 urbes
1098 1681 1191 1707 cum
1210 1666 1396 1720 ‘centibus
1417 1666 1637 1720 superiora

103 1741 292 1790 tempora
333 1751 409 1776 non
453 1735 652 1776 uiderunt
666 1736 734 1776 ἔ...
799 1750 831 1776 c.
870 1737 897 1775 4
937 1735 1103 1790 qnando
1145 1741 1202 1776 est
1242 1734 1472 1775 hamanum
1511 1749 1638 1788 [senus

103 1819 314 1859 aquaram
346 1805 528 1846 diluaiis
558 1805 884 1859 interemptam?
934 1820 1014 1846 non
1047 1810 1140 1845 ante
1174 1819 1245 1845 nos
1260 1805 1276 1844 ,ἵ
1322 1803 1487 1858 quando
1518 1819 1638 1843 ‹man-

103 1874 182 1915 das
203 1875 393 1916 incensus
416 1875 463 1915 in
479 1875 671 1930 fizzcillas
692 1881 729 1917 et
750 1876 906 1917 cineres
935 1875 1164 1916 dissolutas
1193 1875 1282 1916 est?
1311 1890 1392 1915 non
1421 1880 1515 1914 ante
1538 1875 1638 1915 nos?
1657 1890 1699 1921 25

103 1944 269 1999 quando
311 1945 431 1986 urbes
472 1945 763 1999 amplissimae
804 1946 986 1986 marinis
1028 1951 1241 1999 coopertae
1280 1949 1375 1984 sant
1406 1943 1638 1998 flactibus?

103 2028 181 2054 non
212 2020 306 2055 ante
334 2014 437 2055 nos?
498 2025 551 2054 ΙΙΙ
580 2015 635 2055 40
656 2014 792 2069 feras.
853 2013 1074 2055 Jeremiah
1103 2015 1158 2053 44
1189 2014 1356 2053 15—19
1379 2012 1567 2067 (neglect
1596 2013 1642 2052 of

102 2083 177 2124 the
205 2097 343 2137 queen
371 2083 417 2123 of
442 2083 637 2137 heaven).

193 2163 281 2193 ORA
328 2163 414 2193 Vos
460 2153 508 2193 ef.
555 2168 625 2193 oro
677 2158 715 2194 te
765 2151 852 2194 Cic.
899 2152 992 2193 Liu.
1039 2152 1137 2193 Sen.
1184 2152 1296 2192 Tert.
1348 2150 1413 2191 De
1463 2150 1636 2190 Exhort.

104 2219 219 2262 Cast.
258 2223 282 2261 8
319 2235 378 2275 pr.
446 2220 515 2261 Ad
552 2220 677 2261 onr.
714 2232 729 2260 Ι
768 2223 792 2261 3
829 2235 863 2261 a.
888 2235 940 2261 m.
976 2222 1002 2260 4
1025 2222 1049 2261 f.
1111 2220 1176 2261 De
1215 2218 1307 2261 Cor.
1342 2218 1466 2259 Milit.
1504 2220 1699 2267 141n.30

102 2289 156 2329 ad
185 2296 271 2329 nat.
302 2298 317 2328 Ι
348 2288 369 2329 7
401 2303 439 2344 p.
470 2290 524 2329 68
554 2289 577 2329 l.
609 2291 661 2328 25
694 2288 816 2329 Wiss.
850 2300 884 2329 ΙΙ
914 2292 939 2328 4
967 2304 1005 2344 p.
1037 2291 1118 2330 102
1147 2289 1171 2329 l.
1202 2290 1224 2328 2
1256 2287 1378 2327 VViss.

189 2371 226 2411 p.
253 2358 334 2397 116
358 2356 381 2396 l.
408 2358 460 2396 18
488 2367 712 2396 TIBERIVM
743 2371 774 2396 e.
799 2359 823 2397 5
845 2371 884 2398 n.
946 2371 977 2397 c.
1002 2359 1052 2397 21
1078 2372 1137 2412 pr.
1160 2371 1198 2411 p.
1223 2357 1275 2397 66
1299 2355 1323 2396 l.
1350 2357 1399 2396 15
1422 2369 1460 2395 n.
1524 2354 1634 2395 Adu.

101 2426 228 2466 Marc.
252 2437 267 2466 Ι
292 2428 344 2466 15
367 2440 404 2481 p.
428 2427 510 2467 309
533 2426 557 2466 l.
583 2427 635 2466 14
658 2425 732 2466 Kr.
794 2425 904 2467 Adu.
928 2426 1022 2467 Iud.
1046 2429 1082 2467 8.

185 2490 332 2550 vp.116
366 2495 389 2535 l.
416 2497 468 2536 19
501 2507 655 2536 ORBEM
695 2506 748 2535 ET
785 2507 930 2536 VRBES
971 2496 1142 2536 earliest
1179 2510 1240 2535 ex.
1278 2493 1364 2535 Cic.
1398 2492 1523 2534 Catil.
1557 2504 1571 2532 Ι
1610 2494 1633 2533 9

101 2562 215 2602 urbis
247 2568 366 2616 atque
399 2563 501 2604 adeo
535 2562 655 2603 orbis.
1655 2581 1697 2613 35

190 2642 367 2671 HIERAN
389 2638 467 2672 cet.
505 2631 558 2672 ad
581 2637 667 2672 nat.
687 2643 701 2671 Ι
725 2634 749 2673 9
772 2647 809 2687 p.
831 2632 884 2673 73
908 2633 930 2673 l.
952 2635 1002 2673 15
1030 2632 1150 2672 Wiss.
1177 2631 1245 2672 abi
1272 2637 1367 2672 tunc
1392 2629 1635 2678 Christiani,

102 2714 195 2741 cum
224 2714 288 2741 res
315 2700 515 2741 Romana
544 2706 600 2741 tot
629 2701 826 2742 historias
856 2701 1043 2741 laborum
1067 2715 1238 2740 suoram
1266 2698 1637 2739 sabministraait?

103 2768 173 2809 ubi
218 2774 313 2810 tanc
361 2768 606 2818 Christiani,
648 2785 741 2811 cum
787 2770 1060 2824 Hierennape
1105 2769 1147 2822 [l.
1190 2768 1342 2816 Hiera,
1387 2767 1435 2808 N
1435 2782 1541 2822 apea
1591 2782 1637 2808 or
