1827 3004
146 87 229 126 260
709 85 1109 128 TERTVLLIANI
1389 89 1448 144 [p.
1473 89 1526 129 56
1547 88 1573 128 l.
1599 90 1682 128 5—

233 199 257 239 l.
281 201 304 239 5
327 213 410 253 seq.
458 213 489 239 c.
509 201 559 238 21
584 199 674 239 iani
695 199 903 241 ediscimus
924 201 1047 242 deum
1073 201 1386 242 uniuersitatem
1407 201 1514 243 Itane
1534 201 1684 242 mundi

151 269 269 310 uerbo
295 275 332 310 et
359 269 523 309 ratione
550 275 587 310 et
617 270 770 311 uirtute
794 270 1085 312 molitum...et
1111 286 1184 312 nos
1213 272 1340 313 etiam
1360 272 1541 313 sermoni
1563 278 1685 326 atque

147 336 306 376 rationi
326 336 501 390 itemque
526 336 685 385 uirtuti,
702 351 782 390 per
803 351 909 391 qzccie
937 337 1079 377 omnia
1106 338 1299 378 molitum
1320 338 1443 379 deum
1464 337 1685 387 ediscimus,

141 405 367 459 propriam
401 404 679 446 substantiam
714 405 914 460 spiritum
945 406 1222 456 inscribimus,
1251 407 1319 448 eui
1351 413 1388 448 et
1417 422 1552 448 sermo
1582 407 1684 447 insit

107 494 126 525 5
140 475 438 528 pronuntianti
455 480 491 516 et
509 475 618 516 ratio
637 475 750 516 adsit
765 476 1001 530 disponenti
1017 482 1053 517 et
1073 476 1208 517 uirtus
1223 477 1389 530 praesit
1404 476 1684 531 praeficienti.

148 542 305 583 Minue.
341 545 393 583 18
434 542 453 599 ἓ
487 542 508 583 7
553 558 646 585 cuni
680 544 836 598 pulani
875 545 930 586 sit
963 551 1185 599 parentem.
1222 545 1406 586 omnium
1443 546 1577 587 Deum
1613 559 1684 586 nec

140 613 407 667 principium
454 613 602 655 habere
648 628 721 655 'neo
768 615 1018 656 terminum:
1061 615 1134 669 qui
1179 615 1450 656 nutiuitateni
1498 614 1686 655 omnibus

140 688 338 737 praestet,
368 682 449 723 sibi
472 684 797 738 perpetuitatem
814 699 826 733 ‚·
857 685 930 739 qui
961 690 1056 726 ante
1087 685 1290 726 mundum.
1314 685 1457 739 fuerit
1486 684 1566 725 sibi
1596 685 1686 738 ipse

141 766 222 805 pro
250 751 402 792 mundo
416 767 431 801 ,·
463 753 535 806 qui
559 753 769 802 uniuersa,
791 769 1069 809 quaecumque
1099 761 1205 804 sunt,
1232 754 1350 796 uerbo
1375 754 1494 803 iubet,
1520 754 1685 794 ‘ratione

86 838 128 860 10
147 820 371 875 dispensat,
397 821 549 863 uirtute
571 829 839 864 consummat.
882 823 947 864 hic
971 838 1039 865 neo
1064 824 1201 865 uideri
1221 829 1377 878 potest,·
1403 824 1499 864 uisu
1527 823 1686 864 clarior

147 895 204 930 est
217 904 232 938 ,·
276 904 344 946 neo
386 890 686 944 comprehendi.
767 891 1021 932 Tzsohirner
1061 894 1143 933 325
1187 908 1270 947 seq.
1346 891 1588 934 Christi-ans
1629 906 1684 931 no

147 957 329 998 atheis‘cs
363 958 545 1000 because
569 959 742 1012 (Iustin.
778 960 900 1015 Apol.
937 972 952 1001 Ι
988 963 1062 1014 16)
1096 961 1200 1016 they
1226 962 1408 1016 worship
1439 976 1464 1001 a
1495 960 1682 1002 Creator.

149 1027 245 1082 Esp.
268 1027 482 1083 Athenag.
505 1043 536 1069 6.
561 1031 586 1068 4
608 1043 646 1083 p.
671 1031 694 1069 5
710 1029 737 1069 b
765 1029 858 1070 God
881 1029 965 1070 and
987 1035 1148 1071 matter
1168 1030 1371 1072 distinet:
1404 1031 1478 1071 the
1500 1029 1621 1085 reign
1644 1029 1691 1070 of

147 1097 226 1137 law
257 1112 408 1152 proves
438 1113 463 1138 a
493 1098 760 1153 providenoe.

86 1187 127 1218 15
234 1182 272 1221 p.
306 1167 454 1207 561.9
479 1179 744 1208 INVIsIBILIS
775 1174 854 1209 oet.
887 1168 1102 1224 Athen-ag.
1135 1171 1188 1209 10
1216 1184 1254 1224 p.
1286 1170 1339 1209 10
1360 1169 1388 1209 b
1421 1167 1679 1224 ἀόρατον,...

149 1229 790 1292 (ὶκατάλητῗτον,...ἀχώρητον.
853 1237 1010 1278 Tati-<m
1040 1241 1064 1277 4
1094 1252 1132 1292 p.
1157 1240 1180 1279 6
1204 1253 1236 1287 6,
1258 1238 1285 1278 d
1318 1237 1500 1293 ἀόρατός
1534 1254 1578 1278 τε
1610 1236 1682 1277 καὶ

148 1304 330 1360 ἀναφής.
412 1305 503 1346 The
559 1306 695 1347 whole
751 1321 930 1362 passage
987 1307 1193 1348 identioal
1252 1307 1356 1348 with
1408 1306 1566 1347 Minue.
1620 1308 1684 1346 18.

149 1374 384 1416 Henneoke
417 1375 593 1416 Aristid.
623 1375 708 1416 ind.
738 1391 775 1431 p.
811 1378 864 1417 53
898 1377 971 1417 ool.
1007 1379 1027 1416 1
1053 1377 1076 1417 f.
1109 1377 1192 1417 and
1227 1379 1250 1417 2
1282 1391 1342 1432 pr.
1377 1376 1489 1430 [adu.
1523 1376 1614 1416 Val.
1649 1375 1683 1416 7.

148 1442 306 1484 Nouat.
339 1444 437 1485 trin.
470 1446 521 1485 31
555 1460 615 1500 pr.
647 1445 697 1486 A.
730 1445 807 1498 S.].

86 1530 128 1552 20
235 1527 272 1567 p.
305 1514 358 1553 56
391 1512 414 1552 1.
450 1515 503 1553 10
536 1524 1033 1554 INCOMPREHENSIBILIS
1062 1514 1333 1555 Athanasian
1362 1515 1485 1555 creed
1514 1514 1684 1569 (Bailey

149 1581 324 1623 Rituale
346 1582 602 1638 Anglooath.
627 1585 680 1623 48
703 1585 818 1638 seq).
864 1583 973 1624 Iren.
998 1595 1032 1624 ΙΙ
1057 1587 1109 1625 18
1134 1587 1169 1625 2.
1203 1596 1251 1624 IV
1276 1587 1326 1626 19
1353 1586 1387 1625 2.
1433 1584 1609 1638 [Nioeta
1631 1584 1683 1624 de

148 1652 280 1707 symb.
306 1654 329 1691 2
352 1652 402 1692 A.
426 1652 488 1706 S]
545 1653 656 1708 Aug.
680 1653 814 1694 Serm.
838 1655 922 1694 384
944 1654 997 1694 de
1019 1653 1133 1695 Trin.
1166 1656 1215 1707 (V
1240 1656 1350 1695 1485
1373 1653 1468 1707 bis).

235 1737 272 1776 p.
307 1724 360 1763 56
397 1722 420 1762 1.
461 1725 510 1762 11
552 1734 920 1763 INAESTIMABILIS
958 1723 1116 1764 Minue.
1152 1726 1204 1764 18
1235 1722 1255 1779 ξ
1296 1726 1320 1763 8
1359 1738 1428 1764 nec
1465 1722 1687 1764 aestimari

148 1792 330 1846 [potest]
352 1792 536 1833 sensibus
556 1793 696 1833 maior
718 1798 784 1842 est,
807 1792 1009 1847 infinitus,
1034 1793 1266 1842 immensus,
1288 1799 1325 1834 et
1345 1792 1424 1833 soli
1444 1792 1524 1832 sibi
1544 1798 1687 1833 tantus

86 1878 102 1899 2
109 1878 127 1909 5
148 1866 328 1915 quantus
349 1867 405 1902 est
428 1867 569 1902 notus:
605 1861 717 1902 nobis
742 1877 836 1903 uero
860 1862 916 1902 ad
938 1861 1189 1903 intellectum
1210 1867 1355 1916 pectus
1384 1867 1607 1915 anyustum
1629 1867 1686 1902 est

148 1935 185 1971 et
214 1930 306 1971 ideo
335 1930 393 1971 sio
422 1945 515 1971 eum
536 1931 660 1984 diyne
687 1931 969 1980 aestimamus,
991 1931 1093 1972 dum
1120 1931 1471 1972 inaestimabilem
1493 1931 1684 1972 dicimus.

149 1998 313 2053 [St-,udy
335 1999 381 2039 of
397 1998 567 2040 Ambst.
590 2014 628 2054 p.
654 2002 733 2040 111
758 2000 809 2041 A.
834 2000 894 2054 S]

235 2083 273 2123 p.
297 2070 350 2109 56
374 2069 397 2109 l.
422 2070 474 2110 16
508 2080 689 2110 CAP1T=
708 2068 934 2126 ἐνδέχεται
956 2070 1070 2111 Terta.
1095 2070 1159 2111 De
1182 2070 1328 2111 Idolol.
1354 2072 1418 2111 10.
1474 2069 1540 2110 De
1562 2069 1686 2125 Fuga

149 2136 193 2176 in
226 2136 386 2177 Perseo.
412 2139 432 2176 1
457 2152 495 2191 p.
519 2152 572 2177 m.
603 2137 771 2179 Oehler.
834 2138 899 2179 De
933 2137 1066 2179 Cultu
1099 2138 1216 2179 Fem.
1241 2149 1255 2178 Ι
1289 2140 1312 2178 2
1335 2153 1373 2193 p.
1397 2153 1449 2178 m.
1475 2138 1574 2179 liaeo
1607 2152 1685 2178 non

87 2226 130 2256 30
150 2207 263 2260 cupit
285 2206 518 2247 aestimare.
570 2206 636 2247 De
660 2206 783 2248 Cam.
808 2207 903 2248 Res.
929 2209 980 2248 26
1004 2208 1072 2248 fin.
1125 2207 1236 2248 Adu.
1267 2207 1396 2248 Haer.
1418 2209 1474 2247 44
1498 2207 1521 2247 f.
1573 2206 1684 2247 Adu.

150 2275 277 2315 Maro.
301 2286 315 2314 Ι
340 2277 364 2316 6
386 2290 424 2330 Ρ.
450 2277 531 2316 298
554 2276 578 2316 l.
604 2277 657 2316 10
681 2276 754 2317 Kr.
788 2288 821 2316 ΙΙ
854 2279 877 2318 9
900 2292 938 2332 p.
962 2278 1045 2317 346
1073 2277 1096 2317 l.
1123 2276 1144 2317 7
1170 2276 1243 2317 ΚΓ.
1277 2287 1331 2316 ΙΙΙ
1362 2278 1385 2317 6
1408 2291 1446 2331 p.
1470 2277 1552 2316 385
1583 2275 1606 2315 l.
1631 2277 1685 2316 20

152 2343 225 2383 Kr.
252 2344 303 2383 13
326 2344 392 2383 f=
411 2343 521 2384 Adu.
545 2344 638 2385 Iud.
664 2346 687 2385 9
711 2345 966 2398 [references
996 2345 1096 2385 here
1125 2345 1288 2399 wrong]
1312 2356 1361 2384 lv
1385 2347 1408 2385 5
1437 2359 1475 2399 p.
1501 2346 1579 2384 431
1613 2344 1636 2384 l.
1660 2346 1685 2383 8

152 2412 226 2452 ΚΓ.
269 2412 380 2453 Adu.
405 2413 524 2454 Prax.
550 2413 572 2455 7
596 2429 634 2469 p.
653 2430 706 2455 m.
752 2415 876 2470 Bapt.
902 2417 965 2455 15.
1010 2415 1079 2456 Ad
1101 2421 1187 2456 nat.
1212 2426 1246 2454 II
1269 2416 1294 2455 3
1316 2429 1354 2469 p.
1375 2416 1428 2455 98
1451 2414 1474 2454 l.
1492 2415 1544 2453 13
1564 2413 1685 2454 VViss.

152 2481 217 2521 De
240 2481 480 2537 Monogam.
505 2485 528 2523 2
550 2498 610 2538 pr.
636 2486 687 2524 15
710 2499 764 2524 m.
811 2484 938 2539 Vulg.
961 2483 1062 2524 Luc.
1087 2486 1139 2524 13
1163 2485 1227 2524 33.
1273 2482 1444 2524 Ro'nsch
1470 2482 1567 2522 Ital.
1591 2484 1686 2522 351.

89 2568 131 2599 35
153 2551 364 2592 Gaudent.
383 2552 449 2592 Tr.
469 2554 493 2593 9
517 2552 581 2605 (in
603 2553 750 2608 Migne
769 2555 864 2605 XX).
909 2553 1020 2594 Iren.
1038 2562 1084 2593 ΙΓ
1097 2555 1150 2593 28
1173 2555 1209 2593 4.
1243 2563 1297 2592 ΙΙΙ
1317 2555 1366 2592 11
1392 2554 1428 2592 8.
1474 2551 1570 2604 [cet.
1605 2551 1687 2592 See

154 2619 208 2660 N.
232 2620 275 2660 T.
301 2620 341 2661 S.
365 2621 533 2662 Irenaei
555 2622 674 2677 ehap.
697 2621 721 2663 i.
745 2628 844 2663 sect).
868 2621 913 2664 C.
960 2622 1010 2663 A.
1029 2621 1091 2676 8.]
1153 2621 1253 2676 [See
1276 2621 1363 2662 also
1385 2620 1507 2660 Thes.
1530 2634 1568 2675 p.
1592 2621 1686 2660 333.

154 2689 203 2729 A.
223 2689 283 2742 S]

241 2773 278 2812 p.
303 2760 355 2799 56
387 2758 409 2799 1.
436 2762 488 2798 18
518 2759 628 2800 Adu.
658 2760 786 2800 Marc.
814 2772 843 2800 V
869 2762 920 2801 16
944 2776 981 2815 Ρ.
1005 2762 1087 2802 630
1110 2761 1133 2801 l.
1160 2762 1211 2801 19
1236 2760 1309 2800 Kr.
1340 2759 1521 2801 creatori
1550 2764 1694 2799 autem
