1827 3004
131 128 173 169 p.
198 116 252 156 50
273 115 299 156 1.
324 116 394 168 33]
638 116 1078 159 APOLOGETICVS
1116 120 1165 159 15
1587 121 1665 160 247

129 230 369 284 z'ndv'gynatio
420 232 698 286 relanyuescit
738 232 932 280 Alcidae,
972 233 1011 273 si
1061 233 1281 287 trayoeclz‘a
1330 233 1559 288 Sophoclis,
1601 236 1668 276 cui

133 299 385 343 Trachiniae
417 317 557 343 nomen
591 308 659 350 est,
691 302 922 357 Euripidis
953 308 1028 344 aut
1058 302 1266 344 Hercules
1297 304 1532 345 actitatur?

216 381 579 411 MERIDIANORVM
602 370 699 412 Sen.
719 372 794 427 Ep.
815 370 837 412 7
855 369 874 427 ξ
891 374 914 412 5
933 386 1055 413 mane
1078 372 1260 414 leonibus
1281 379 1318 414 et
1338 374 1451 414 ursis
1471 373 1666 422 homines,

132 437 305 478 meridie
335 438 633 492 spectatoribus
663 439 751 479 suis
777 438 1022 480 obiciuntur.
1081 437 1100 495 ξ
1129 442 1154 481 3
1184 454 1285 481 casu
1310 440 1354 481 in
1380 441 1666 482 meridianum

127 506 407 560 spectaculum
428 507 570 555 incidi,
590 507 706 548 lusus
723 514 962 562 exspectans
984 514 1020 549 et
1041 509 1149 550 sales
1171 514 1208 550 et
1229 509 1400 564 aliquid
1423 510 1665 560 laa'amenti,
1686 525 1705 555 5

127 590 205 630 quo
237 576 452 617 hominum
485 577 594 618 oculi
628 577 679 618 ab
705 577 887 618 humano
913 593 1061 619 cruore
1086 579 1360 632 acquiescant.
1423 585 1568 620 contra
1596 585 1665 629 est,

127 645 329 700 quicquid
368 651 464 687 ante
492 652 731 700 puynatum
765 652 834 695 est,
870 647 1166 689 ‘misericordia
1193 647 1295 703 fuit.
1357 663 1466 690 nunc
1501 649 1666 690 omissis

129 715 249 768 nuyis
285 729 402 755 mera
436 714 667 756 homicidia
699 722 820 757 sunt:
872 716 981 756 nihil
1016 716 1176 766 habent,
1217 732 1294 771 quo
1336 723 1556 772 teyantvur:
1607 717 1665 758 acl

128 785 255 825 ictum
286 783 381 824 totis
412 784 654 838 corporibus
685 785 872 839 expositi,
902 800 1133 840 numquam
1152 785 1331 840 frustra
1363 801 1537 827 manum
1568 787 1663 828 mit-

125 859 216 895 tunt
246 859 324 894 cet.
1685 873 1727 895 10

211 937 248 977 p.
273 925 327 963 50
350 923 373 964 1.
398 924 451 963 28
489 922 625 963 Blunt
649 922 786 977 Right
809 922 912 969 Use,
934 925 1028 964 359.
1091 923 1345 979 Marquardt
1367 929 1436 964 ΠΙ2
1458 926 1542 966 564
1563 939 1601 966 n.
1627 927 1661 965 2.

124 993 206 1033 562
229 1007 267 1032 n.
291 1006 350 1047 pr.

209 1077 246 1117 p.
271 1063 325 1102 50
348 1061 371 1102 1.
396 1063 446 1102 31
474 1072 756 1108 INQVIETANT
786 1060 883 1102 Sen.
915 1062 990 1116 Ep.
1024 1064 1047 1102 2
1075 1060 1094 1117 ἓ
1117 1064 1151 1103 1.
1184 1065 1237 1102 14
1266 1060 1285 1118 ἓ
1308 1065 1342 1104 2.
1375 1062 1426 1103 27
1455 1061 1532 1118 ξὸ.
1594 1061 1660 1102 De

123 1130 339 1185 Tranquil.
365 1132 388 1170 2
409 1128 428 1186 ξ
452 1133 472 1170 1
497 1136 600 1170 cet:
632 1144 701 1170 see
729 1130 903 1185 printed
932 1146 971 1171 n.
1034 1131 1147 1172 Tert.
1179 1131 1245 1172 De
1274 1131 1398 1174 Carn.
1430 1131 1527 1174 Chr.
1554 1134 1574 1171 1
1599 1146 1659 1186 pr.

123 1201 195 1256 qui
217 1201 351 1255 fidem
382 1200 699 1241 resurrectionis
729 1200 895 1241 student
925 1200 1170 1254 inquietare.
1682 1216 1722 1248 15

209 1285 247 1325 p.
272 1270 372 1310 501.
395 1271 449 1310 32
479 1280 781 1310 OBSOLETANT.
835 1269 928 1311 One
961 1270 1086 1310 other
1116 1285 1295 1326 passage
1327 1271 1374 1311 of
1397 1271 1510 1312 Tert.
1533 1270 1658 1311 cited.

123 1339 185 1382 Cf.
209 1339 369 1394 [Nicet.
402 1339 454 1380 de
488 1339 650 1395 uigiliis
678 1337 697 1395 ξ
724 1342 749 1380 3
778 1355 816 1395 p.
849 1342 914 1389 58,
946 1341 998 1381 19
1029 1340 1091 1381 ed.
1120 1340 1251 1381 Burn.
1281 1340 1331 1381 A.
1355 1340 1417 1394 S]
1447 1341 1659 1395 payz'nam

122 1409 247 1464 Greg.
278 1409 432 1449 Turon.
465 1408 590 1450 Mart.
624 1419 658 1448 ΙΙ
691 1410 716 1449 3
747 1423 785 1464 p.
819 1410 902 1450 610
937 1410 1001 1450 16.
1064 1409 1197 1451 Gloss.
1228 1409 1376 1450 Isidor.
1407 1409 1659 1459 obsoletatus,

114 1480 317 1534 pollutus,
345 1478 602 1533 inquinatus,
635 1477 768 1519 Gloss.
803 1478 1105 1520 Arabico-Lat.
1138 1494 1176 1534 p.
1212 1478 1294 1519 708
1327 1479 1447 1520 Vule.
1478 1479 1658 1527 obsolito,

120 1548 255 1589 obtero
286 1547 354 1588 uel
384 1546 567 1601 inquino.
630 1546 753 1587 With
784 1546 859 1587 the
893 1546 1073 1602 reading
1102 1549 1149 1587 of
1175 1546 1276 1589 Cod.
1311 1547 1433 1588 Fuld.
1464 1547 1659 1589 adsolant
1677 1565 1721 1587 20

119 1618 167 1658 cf.
197 1616 251 1657 ad
280 1621 366 1656 nat.
390 1627 405 1655 Ι
430 1617 484 1655 10
512 1630 550 1670 p.
575 1617 629 1656 80
658 1615 682 1656 1.
715 1617 768 1655 14
797 1614 920 1656 Wiss.
949 1615 1121 1670 sinyula
1151 1616 1236 1657 ista
1266 1616 1331 1667 (as
1364 1615 1655 1669 here)...di=usi-

121 1685 277 1734 nitatis,
311 1684 346 1725 si
368 1683 656 1732 maiestatis
685 1684 949 1740 fastigium
979 1685 1223 1726 adsolant.
1286 1684 1388 1726 ibid.
1413 1700 1450 1740 p.
1477 1685 1529 1726 75
1554 1685 1576 1725 1.
1602 1684 1653 1725 27

119 1754 243 1794 XViss.
270 1752 374 1794 with
398 1752 590 1794 Oehler's
618 1762 731 1801 note,
752 1767 876 1807 saepe
897 1767 1082 1794 censores
1104 1753 1335 1794 inconsulto
1352 1754 1510 1807 populo
1534 1752 1655 1794 adso-

119 1823 324 1864 lauerunt.
387 1821 520 1863 01053.
553 1821 598 1861 in
624 1821 713 1861 Mai
737 1820 867 1862 Class.
892 1822 1065 1862 Auctor.
1089 1833 1138 1861 VI
1166 1823 1250 1862 504
1278 1821 1508 1862 aclsolitum
1533 1822 1655 1874 (-at-)

119 1892 302 1933 acllitum
324 1891 447 1943 (-is-).
1674 1911 1717 1943 25

206 1972 474 2002 CENSENTVR
499 1975 530 2001 c.
561 1963 612 2000 12
636 1975 673 2015 p.
697 1963 751 2001 44
775 1961 797 2001 1.
822 1963 886 2002 15.
939 1960 1050 2001 infra
1072 1975 1103 2001 c.
1129 1962 1182 2000 24
1204 1975 1300 2015 pm.
1324 1976 1361 2015 p.
1387 1962 1440 2001 86
1464 1961 1486 2001 1.
1513 1959 1547 2001 7.
1600 1960 1653 2000 ad

118 2037 204 2072 nat.
228 2043 243 2070 Ι
268 2033 322 2071 10
350 2045 387 2085 p.
418 2032 472 2070 80
498 2030 522 2070 1.
547 2032 599 2071 16
624 2029 747 2071 117155.
772 2030 822 2071 cle
852 2036 1086 2084 contemptu
1118 2030 1255 2084 utique
1286 2036 1500 2071 censentur
1528 2045 1654 2084 quant

118 2100 280 2155 [surely
302 2105 391 2140 tam
412 2099 461 2140 A.
485 2098 547 2151 S.]
577 2113 721 2139 eorum
749 2099 822 2153 qui
842 2098 1096 2138 ‘eiusmodi
1117 2097 1329 2152 factitant
1357 2113 1483 2152 quam
1512 2113 1653 2139 eorum

118 2169 191 2223 (μα’
220 2169 303 2208 ista.
334 2167 578 2221 suscipiunt.
640 2167 751 2207 Adu.
788 2167 991 2221 Hermog.
1027 2169 1080 2207 39
1117 2181 1155 2221 p.
1194 2168 1274 2207 169
1314 2167 1335 2207 1.
1373 2168 1396 2207 9
1435 2167 1509 2207 Kr.
1543 2167 1581 2207 si
1617 2173 1653 2208 et

119 2237 300 2278 materia
335 2236 479 2277 eadem
512 2237 758 2277 aeternitate
791 2242 988 2277 censetur.
1050 2236 1120 2276 Ad
1150 2236 1275 2277 onr.
1306 2248 1321 2276 Ι
1345 2238 1380 2277 6.
1439 2237 1504 2277 De
1538 2236 1651 2278 Cult.
1672 2254 1716 2284 30

118 2306 234 2346 Fem.
259 2317 273 2345 Ι
297 2307 323 2344 4
340 2305 364 2345 f.
426 2304 581 2344 Iustin.
606 2315 655 2344 XI
680 2307 730 2344 11
755 2302 774 2359 ξ
797 2306 819 2345 9
843 2304 916 2345 hoc
943 2319 985 2345 se
1011 2310 1135 2358 patre
1162 2305 1321 2345 censeri
1345 2304 1463 2346 iubet.
1526 2305 1650 2361 Greg.

118 2374 221 2415 Naz.
241 2374 311 2415 Or.
335 2376 359 2413 4
385 2376 466 2413 118
489 2376 524 2422 (Ι
550 2371 698 2426 1430‘1).
752 2373 795 2426 [5
819 2371 838 2427 ξ
861 2375 925 2421 15,
950 2374 985 2421 2,
1009 2387 1047 2427 p.
1073 2375 1166 2421 185,
1189 2373 1212 2414 l.
1238 2375 1290 2413 10
1314 2373 1420 2428 Eng.
1473 2373 1522 2414 A.
1546 2373 1608 2427 S.]

205 2458 243 2498 p.
275 2444 328 2483 50
362 2442 384 2481 l.
418 2442 472 2481 33
505 2452 727 2481 EIVSMODI
760 2456 790 2482 c.
818 2442 883 2482 49.
916 2441 967 2481 ad
1001 2447 1087 2481 nat.
1118 2441 1141 2481 l.
1165 2456 1197 2482 c.
1227 2442 1310 2481 and
1340 2453 1355 2481 1
1379 2444 1402 2482 5
1433 2457 1470 2497 p.
1495 2444 1548 2483 66
1579 2443 1601 2483 l.
1626 2446 1650 2482 4

118 2512 241 2552 Wiss.
274 2516 311 2552 et
342 2516 478 2551 tamen
513 2510 718 2550 eiusmodi
748 2524 873 2564 neque
900 2516 1208 2564 conyrefsantur
1238 2525 1362 2565 neque
1387 2512 1651 2565 participcmt

119 2581 338 2622 nobiscum.
391 2578 550 2619 Oehler
570 2594 607 2633 p.
633 2582 712 2619 631
738 2594 791 2619 on
816 2579 939 2634 Bapt.
965 2581 1028 2619 12.
1079 2578 1144 2619 De
1168 2579 1314 2620 Idolol.
1340 2582 1389 2620 21
1415 2595 1452 2635 p.
1477 2584 1529 2621 55
1554 2581 1576 2621 l.
1599 2581 1647 2622 17
1670 2593 1713 2624 35

119 2649 242 2690 1Viss.
271 2649 314 2689 in
349 2648 554 2689 eiusmodi
588 2648 736 2688 ridere.
798 2647 863 2688 De
897 2648 1080 2689 Praescr.
1114 2649 1288 2690 Haeret.
1323 2652 1346 2690 5
1380 2650 1403 2690 f.
1466 2650 1650 2692 Hermas

117 2718 252 2760 Simil.
279 2720 299 2757 1
325 2718 381 2772 (p.
407 2716 460 2757 70
485 2716 535 2756 17
562 2716 698 2771 Hilg.)
721 2716 899 2757 diuitias
924 2723 1084 2757 uestras
1106 2717 1147 2756 in
1180 2717 1386 2758 eiusmodi
1414 2720 1648 2761 consumite.

115 2787 240 2842 Cypr.
266 2786 340 2841 Ep.
365 2788 388 2826 2
410 2783 429 2841 ξ,
453 2788 472 2825 1
497 2786 554 2840 (p.
578 2787 661 2825 468
686 2787 710 2825 4
734 2785 818 2836 H.).
883 2785 1041 2826 Studia
1062 2786 1228 2827 Biblica
1250 2798 1298 2826 IV
1321 2789 1415 2828 306.
