1827 3004
116 70 168 109 82
684 65 1082 107 TERTVLLIANI

115 181 273 221 eisdem
303 180 392 220 deis
420 179 574 220 uestris
603 193 690 219 non
718 184 894 219 tantum
924 178 1005 218 hoc
1033 178 1336 233 detegentibus
1365 178 1482 232 quod
1511 192 1650 232 neque

114 250 193 303 ipsi
215 249 282 289 dei
303 249 390 289 sint
410 262 549 301 neque
570 247 644 287 ulli
665 247 749 295 alii,
774 246 906 287 etiam
926 246 1033 287 illud
1052 247 1097 287 in
1118 247 1359 288 continenti
1380 247 1647 301 cognoscitis,

113 318 185 371 qui
213 317 268 357 sit
294 331 392 357 uere
418 316 535 365 deus,
565 321 609 356 et
635 330 690 355 an
716 315 784 355 ille
812 320 855 356 et
881 329 937 355 an
964 315 1116 356 unicus
1142 329 1270 369 quem
1297 315 1528 356 Christiani
1554 329 1648 369 pro-

112 386 296 434 fitemur,
323 390 365 426 et
387 399 442 425 an
464 385 526 425 ita
549 384 787 424 credendus
810 383 1113 438 colendusque,
1138 389 1188 424 ut
1209 384 1328 433 fides,
1353 389 1403 424 ut
1424 383 1650 438 disciplina

110 454 318 508 disposita
364 458 429 494 est
473 453 828 493 Christianorum.
889 452 1047 493 Dicent
1091 452 1273 493 ibidem:
1337 452 1395 493 Et
1441 452 1536 506 quis
1579 452 1648 493 ille
1667 465 1686 496 5

111 522 304 563 Christus
333 536 430 562 cum
460 536 537 562 sua
566 521 741 561 fabula?
789 521 824 561 si
853 521 982 561 homo
1011 521 1251 561 communis
1281 520 1566 561 conditionis?
1614 521 1649 561 si

110 592 287 645 magus?
336 590 369 631 si
400 595 499 644 post
529 595 713 630 mortem
744 589 797 630 de
827 589 1051 644 sepulchro
1082 604 1106 630 a
1137 590 1355 644 discipulis
1385 589 1643 643 subreptus?

109 660 141 699 si
167 673 282 699 nunc
307 659 491 712 denique
517 672 647 712 penes
671 658 856 699 inferos?
901 658 935 698 si
960 673 1047 698 non
1072 659 1115 698 in
1142 658 1268 698 caelis
1292 658 1451 712 potius,
1480 663 1524 698 et
1546 658 1647 698 inde

108 733 316 768 uenturus
354 741 452 768 cum
490 727 627 768 totius
664 727 816 767 mundi
854 732 990 776 motu,
1031 741 1129 767 cum
1168 727 1282 768 orbis
1320 727 1506 776 horrore,
1547 740 1645 766 cum

106 797 284 851 planctu
313 796 520 846 omnium,
552 796 627 836 sed
656 810 743 837 non
773 795 1128 845 Christianorum,
1159 801 1210 836 ut
1238 795 1306 836 dei
1336 795 1475 836 uirtus
1505 801 1548 835 et
1577 795 1645 835 dei
1667 811 1708 833 10

105 865 282 919 spiritus
301 870 344 905 et
362 880 500 905 sermo
520 870 564 905 et
581 864 795 918 sapientia
813 870 857 905 et
875 864 987 905 ratio
1006 870 1051 905 et
1070 864 1137 904 dei
1156 864 1294 905 filius?
1346 863 1644 918 Quodcunque

104 934 263 983 ridetis,
295 934 466 974 rideant
495 939 539 974 et
566 933 625 974 illi
654 933 902 982 uobiscuni;
949 938 1108 987 negent
1137 932 1355 973 Christum
1385 946 1557 973 omnem
1587 932 1642 973 ab

102 1017 209 1043 aeuo
245 1002 435 1043 animam
471 1002 674 1043 restituto
710 1015 886 1056 corpore
920 1001 1227 1051 iudicaturum,
1265 1001 1414 1042 dicant
1449 1001 1529 1042 hoc
1564 1015 1641 1055 pro

103 1077 320 1126 tribunali,
351 1077 385 1118 si
413 1077 536 1126 forte,
568 1076 755 1118 Minoem
785 1081 828 1117 et
856 1076 1247 1117 Rhadamanthum
1275 1076 1514 1117 secundum
1543 1090 1638 1116 con-

100 1166 272 1193 sensum
306 1152 501 1193 Platonis
535 1158 578 1193 et
610 1157 839 1206 poetarum
874 1152 955 1192 hoc
988 1166 1077 1193 esse
1110 1152 1308 1201 sortitos3
1359 1165 1462 1192 suae
1495 1151 1639 1192 saltim
1662 1163 1701 1194 15

97 1228 357 1281 ignominiae
400 1234 443 1268 et
484 1227 778 1268 damnationis
820 1232 971 1267 notam
1014 1227 1219 1268 refutent.
1280 1227 1556 1267 Renuntiant
1596 1241 1640 1267 se

98 1300 345 1341 immundos
374 1301 550 1354 spiritus
580 1314 681 1349 esse,
714 1299 831 1354 quod
861 1300 929 1340 uel
959 1314 1011 1340 ex
1040 1299 1210 1354 pabulis
1240 1314 1400 1349 eorum,
1431 1299 1638 1354 sanguine

99 1380 142 1416 et
178 1375 296 1416 fumo
334 1380 378 1416 et
413 1375 578 1429 putidis
613 1375 726 1429 rogis
761 1389 979 1429 pecorum,
1019 1380 1063 1415 et
1097 1375 1448 1429 impuratissimis
1482 1375 1638 1429 linguis

96 1450 288 1503 ipsorum
322 1456 476 1491 uatum
509 1450 699 1504 intellegi
733 1449 907 1491 debuit:
959 1456 1146 1491 renuant
1179 1450 1234 1491 ob
1269 1450 1482 1490 malitiam
1516 1464 1635 1504 prae-

97 1525 328 1567 damnatos
357 1540 400 1566 se
429 1526 474 1566 in
504 1525 688 1566 eundem
717 1526 864 1567 iudicii
894 1525 1009 1567 diem
1039 1539 1137 1566 cum
1167 1525 1369 1566 omnibus
1398 1526 1636 1567 cultoribus
1656 1542 1700 1564 20

96 1606 140 1641 et
184 1600 509 1655 operationibus
552 1601 652 1642 suis.
713 1601 880 1654 Atquin
925 1601 1065 1642 omnis
1110 1602 1214 1641 haec
1259 1606 1408 1641 nostra
1452 1601 1497 1641 in
1542 1601 1635 1641 illos

95 1676 334 1717 dominatio
361 1682 405 1717 et
428 1681 624 1730 potestas
649 1676 702 1716 de
726 1676 1024 1716 nominatione
1049 1676 1206 1716 Christi
1231 1676 1350 1716 ualet
1374 1681 1419 1716 et
1442 1676 1495 1716 de
1521 1690 1632 1716 com-

96 1751 406 1791 memoratione
441 1765 588 1791 eorum
624 1764 735 1804 quae
768 1750 849 1791 sibi
884 1765 910 1791 a
943 1751 1023 1791 deo
1058 1765 1133 1804 per
1167 1750 1379 1791 arbitrum
1415 1750 1633 1791 Christum

93 1825 364 1866 imminentia
390 1830 658 1879 exspectant.
720 1825 938 1865 Christum
963 1825 1168 1865 timentes
1191 1825 1235 1865 in
1261 1825 1340 1865 deo
1367 1830 1410 1865 et
1435 1825 1564 1865 deum
1588 1825 1633 1865 in

93 1900 261 1941 Christo
303 1901 576 1941 subiciuntur
617 1900 750 1940 seruis
792 1900 872 1940 dei'
902 1906 946 1941 et
987 1899 1157 1940 Christi.
1218 1899 1288 1940 Ita
1331 1900 1384 1940 de
1426 1904 1633 1940 contactu
1651 1914 1693 1946 25

94 1974 232 2028 deque
262 1974 413 2016 afflatu
440 1980 601 2023 nostro,
632 1975 999 2029 contemplatione
1027 1980 1071 2015 et
1099 1974 1496 2028 repraesentatione
1522 1974 1632 2028 ignis

91 2049 203 2090 illius
241 2051 425 2104 correpti
464 2051 596 2091 etiam
634 2050 687 2090 de
725 2050 975 2104 corporibus
1012 2054 1160 2090 nostro
1197 2049 1376 2104 imperio
1416 2050 1632 2091 excedunt

90 2124 217 2165 inuiti
246 2130 289 2166 et
316 2125 511 2166 dolentes
539 2130 582 2165 et
609 2124 733 2165 uobis
760 2124 1060 2178 praesentibus
1088 2123 1399 2165 erubescentes.
1461 2124 1631 2165 Credite

90 2199 182 2247 illis,
220 2213 317 2240 cum
351 2214 501 2240 uerum
536 2200 588 2240 de
622 2214 666 2239 se
699 2200 950 2253 loquuntur,
987 2199 1061 2253 qui
1094 2199 1406 2240 mentientibus
1440 2200 1625 2241 creditis.

90 2274 227 2314 Nemo
263 2275 318 2314 ad
353 2289 478 2314 suum
514 2274 699 2315 dedecus
735 2275 957 2323 mentitur,
995 2274 1100 2328 quin
1134 2274 1281 2328 potius
1315 2274 1371 2314 ad
1406 2274 1624 2315 honorem.
1647 2294 1690 2325 30

90 2348 224 2403 Magis
250 2348 355 2389 fides
382 2349 580 2402 proxima
607 2354 672 2390 est
697 2349 905 2389 aduersus
931 2349 1185 2402 semetipsos
1211 2348 1468 2389 confitentes
1494 2363 1626 2402 quam

89 2437 164 2476 pro
206 2423 447 2476 semetipsis
487 2428 706 2477 negantes.
767 2423 888 2463 Haec
929 2423 1114 2476 denique
1156 2423 1405 2464 testimonia
1447 2423 1625 2464 deorum

88 2502 329 2537 uestrorum
355 2497 619 2538 Christianos
642 2497 782 2538 facere
805 2503 1089 2547 consuerunt;
1131 2513 1263 2552 quam
1286 2498 1521 2552 plurimum
1543 2498 1626 2539 illis

88 2570 298 2611 credendo
335 2571 379 2611 in
417 2571 584 2612 Christo
623 2571 797 2612 domino
836 2571 1061 2612 credimus.
1121 2572 1211 2625 Ipsi
1247 2572 1491 2612 litterarum
1528 2586 1622 2613 nos-

88 2650 252 2686 trarum
276 2645 405 2686 fidem
429 2646 685 2695 accendunt,
711 2646 793 2700 ipsi
816 2646 906 2700 spei
930 2651 1104 2687 nostrae
1126 2645 1353 2687 fidentiam
1377 2645 1621 2688 aedificant.
1643 2663 1684 2694 35

87 2719 235 2760 Colitis
270 2719 376 2769 illos,
418 2720 535 2774 quod
572 2721 718 2770 sciam,
759 2720 891 2762 etiam
929 2721 983 2762 de
1020 2721 1227 2776 sanguine
1266 2721 1620 2762 Christianorum.
