1827 3004
47 118 87 159 p.
118 105 199 143 124
219 102 246 144 l.
275 101 344 154 16]
506 98 943 142 APOLOGETICVS
976 99 1043 148 43,
1077 100 1132 138 44
1503 94 1587 133 425

43 212 271 267 profectus,
302 212 398 265 ipsa
430 211 609 264 ero-cari,
642 224 747 264 quae
779 209 1034 263 lucrifiant,
1065 206 1205 249 eadem
1234 205 1387 260 pretia,
1414 218 1519 258 quae
1551 209 1587 244 et

50 295 213 322 merces.

141 360 427 389 INNOCENTES
475 347 544 388 Ad
587 347 710 402 Scap.
752 349 777 387 4
819 346 888 387 fin.
934 361 1014 400 pro
1055 351 1173 386 tanta
1222 343 1468 390 innocentia,
1505 356 1586 396 pro

50 424 174 459 tanta
223 417 442 471 probitate,
489 431 571 471 pro
621 415 797 463 iustitia,
842 430 924 469 pro
968 414 1194 468 pudicitia,
1240 427 1317 466 pro
1359 410 1460 465 fide,
1508 424 1586 464 pro

53 487 242 533 ueritate,
259 500 340 540 pro
373 485 447 526 deo
480 485 578 525 ¹uiuo
611 498 860 532 cremamur,
883 483 993 537 quocl
1026 497 1094 523 nec
1125 481 1322 535 sacrilegii
1355 495 1422 521 nec
1454 480 1585 520 hostes
1608 498 1626 528 5

47 555 212 610 publici
242 555 335 595 vueri
367 568 436 595 nec
467 559 523 594 tot
554 554 788 594 maiestatis
821 553 881 592 rei
909 553 1003 606 pati
1033 552 1173 592 solent.

142 634 393 664 EROGAMVR
424 637 457 663 c.
493 624 548 662 48
586 622 609 663 f.
633 637 671 662 n.
745 621 810 661 De
848 621 1038 676 Spectac.
1078 622 1128 660 12
1163 635 1201 675 p.
1236 621 1288 659 14
1320 619 1345 660 l.
1377 620 1428 659 16
1466 617 1588 658 Wiss.

52 694 195 748 itaque
224 707 324 747 quos
349 696 629 746 parauerant,
654 691 789 730 armis
817 690 963 744 quibus
992 696 1087 731 tunc
1117 695 1153 730 et
1185 689 1368 743 qualiter
1392 693 1587 742 poterant

52 761 250 809 eruditos,
283 766 447 801 tantum
482 765 523 800 ut
554 759 686 800 occidi
717 759 931 806 discerent,
966 774 1059 798 *mai-
1090 758 1220 799 edicto
1252 757 1428 811 [Mayor⁷
1458 756 1586 809 edito]

52 831 123 872 die
159 829 419 885 inferiarum
451 828 567 882 apud
604 827 786 868 tumulos
817 827 1052 881 eroyabant.
1114 826 1167 866 ad
1199 832 1283 866 nab.
1321 837 1334 865 Ι
1372 827 1424 865 10
1462 840 1499 880 p.
1534 826 1588 864 80
1611 840 1653 862 10

55 900 80 941 l.
124 903 146 939 5
188 898 312 939 Wiss.
363 898 491 953 plane
540 896 821 951 reliyiosiores
871 896 968 937 estis
1017 896 1061 935 in
1111 895 1404 949 -qlacliatorum
1450 908 1589 942 cauea,

54 968 125 1009 ubi
153 982 279 1022 super
306 967 555 1021 sanquinem
583 965 825 1013 humanum,
847 979 974 1019 super
998 965 1317 1018 inquinamenta
1343 978 1589 1018 poenarum,

53 1037 230 1093 proinde
270 1036 431 1077 saltant
466 1035 534 1076 clei
578 1035 707 1076 uestri
750 1039 999 1087 aryumenta
1040 1039 1077 1073 et
1117 1033 1316 1074 historias
1360 1032 1592 1074 nocentibus

54 1106 290 1162 eroyandis,
322 1110 396 1146 aut
425 1105 470 1145 in
501 1104 607 1158 ipsis
637 1103 726 1144 cleis
756 1108 940 1143 nocentes
967 1102 1215 1156 puniuntur.

143 1190 181 1230 p.
206 1163 292 1215 124Ι
318 1174 341 1215 l.
368 1175 419 1213 15
450 1182 781 1213 CONTESTAMVR
813 1186 844 1211 c.
877 1170 926 1211 17
952 1171 975 1211 f.
1038 1170 1103 1211 De
1136 1169 1228 1212 Cor.
1259 1169 1385 1211 Milit.
1415 1171 1440 1210 3
1463 1184 1516 1210 m.
1547 1169 1589 1209 in
1613 1186 1654 1216 15

54 1245 227 1287 ecclesia
257 1243 330 1284 sub
362 1242 565 1283 antistitis
592 1255 723 1281 manu
751 1245 1029 1281 contestamur
1058 1254 1131 1280 nos
1156 1239 1399 1280 renuntiare
1427 1237 1592 1278 diabolo

52 1320 92 1355 et
118 1326 299 1367 pompae
329 1317 366 1352 et
398 1310 559 1364 anyelis
581 1310 678 1350 eius.

144 1392 286 1422 ACTVS
333 1395 365 1422 c.
405 1383 428 1421 5
472 1394 509 1435 p.
550 1381 603 1420 18
646 1379 670 1419 l.
709 1380 763 1419 30
814 1377 1012 1418 consulite
1061 1377 1379 1418 commentarios
1425 1382 1593 1417 uestros.

54 1468 88 1494 c.
115 1454 166 1493 19
197 1450 384 1492 archiua.

144 1535 182 1576 p.
217 1520 299 1560 124
332 1519 358 1560 l.
392 1520 444 1559 16
478 1528 714 1558 CVSTODIIS
748 1516 972 1572 prisoners,
994 1531 1040 1556 as
1072 1516 1189 1556 often
1222 1515 1267 1555 in
1302 1515 1420 1556 Suet.
1482 1529 1593 1569 supr.
1615 1532 1659 1553 20

53 1606 90 1632 c.
113 1592 136 1631 9
159 1596 256 1645 post,
283 1587 390 1629 med.
414 1593 451 1628 et
480 1587 621 1641 utique
651 1602 729 1627 non
764 1586 916 1628 deesset
948 1585 1062 1626 uobis
1095 1586 1137 1625 in
1171 1585 1386 1625 auditione
1417 1584 1595 1625 custodi-

54 1675 183 1702 arum
205 1665 241 1700 et
265 1657 536 1699 damnatione
562 1656 736 1711 sanquis
763 1656 983 1696 humanus.
1045 1654 1107 1696 Cf.
1132 1654 1237 1694 Plin.
1262 1653 1299 1694 h.
1322 1668 1362 1693 n.
1386 1664 1469 1693 XXI
1490 1651 1509 1708 ξ
1532 1655 1583 1692 12

56 1730 157 1772 Sen.
189 1744 252 1784 ep.
287 1732 309 1768 5
346 1725 366 1783 ξ
393 1726 414 1767 7
455 1726 600 1768 eadem
631 1732 779 1767 catena
811 1731 847 1766 et
878 1724 1110 1766 custodiam
1143 1724 1309 1778 copulat
1340 1728 1376 1764 et
1410 1723 1594 1763 militem.

56 1814 123 1855 ep.
147 1798 200 1840 70
230 1797 325 1853 §23
357 1797 467 1837 inter
498 1795 710 1837 custodias
741 1795 913 1850 quidam
945 1795 1002 1835 aol
1033 1794 1287 1834 matutinum
1317 1792 1593 1847 spectaculum

60 1870 219 1909 missus.
268 1882 330 1922 ep.
349 1866 399 1906 77
424 1864 511 1921 §18
532 1880 638 1905 unus
655 1880 703 1906 ea:
725 1865 1014 1906 custodiarum
1031 1863 1209 1917 aymine.
1256 1862 1374 1917 uulg.
1390 1862 1484 1902 Act.
1500 1861 1552 1903 27
1574 1863 1593 1900 1
1618 1879 1660 1910 25

57 1939 178 1981 tradi
198 1937 390 1978 Paulum
412 1951 504 1978 cum
526 1935 702 1990 reliquis
724 1934 924 1976 custodiis
945 1932 1179 1975 centio-ioni
1201 1932 1364 1972 nomine
1385 1930 1510 1972 Iulio.

146 2016 413 2047 SENTENTIIS
463 2014 632 2045 ELOGIA
690 2014 980 2044 DISPVNGITIS
1042 2001 1123 2056 ‘by
1174 1999 1348 2055 passing
1398 2005 1598 2039 sentence

56 2077 194 2119 strike
235 2081 310 2116 out
352 2075 457 2114 from
507 2073 582 2114 the
618 2072 818 2113 calendar
855 2072 928 2112 ‘ohe
966 2085 1091 2111 name
1127 2069 1211 2109 and
1252 2068 1406 2122 charge
1443 2068 1490 2108 of
1525 2067 1599 2108 the

56 2144 278 2188 criminal'
311 2143 542 2197 (Woodh.).
602 2157 633 2184 c.
669 2144 692 2182 2
728 2157 766 2197 p.
801 2144 854 2182 10
888 2141 911 2182 l.
949 2142 1002 2180 24
1023 2155 1062 2180 n.
1100 2138 1231 2180 debito
1262 2152 1420 2192 poenae
1456 2152 1601 2178 nocens

58 2214 356 2270 ewpunyendus
391 2218 460 2261 est,
493 2227 574 2253 non
611 2211 862 2252 emimendus.
927 2212 978 2250 15
1012 2224 1070 2263 pr.
1105 2209 1158 2247 24
1196 2206 1354 2247 Oehler
1387 2205 1471 2246 ind.
1533 2205 1601 2245 Ad
1621 2221 1665 2252 30

60 2285 183 2340 Scap.
208 2285 233 2323 4
255 2298 290 2324 a.
313 2297 366 2322 m.
399 2281 572 2322 Pudens
592 2281 719 2322 etiam
744 2280 913 2319 missum
940 2277 996 2318 acl
1017 2291 1059 2318 se
1081 2275 1366 2316 Christianum
1398 2275 1439 2314 in
1472 2274 1602 2327 eloyio

59 2353 322 2396 concussione
367 2351 455 2392 eius
500 2349 710 2390 intellecta
759 2347 933 2395 dimisit,
974 2346 1097 2386 scisso
1146 2344 1281 2384 eodem
1332 2343 1474 2396 eloym,
1515 2343 1603 2383 sine

62 2427 304 2465 accusatore
334 2434 487 2474 neyans
513 2434 555 2460 se
582 2418 833 2459 auditurum
862 2416 1064 2456 hominem
1096 2413 1322 2454 secundum
1346 2412 1602 2452 mandatum.

63 2493 129 2533 De
162 2490 308 2532 Idolol.
334 2492 354 2529 1
381 2504 441 2544 pr.
501 2488 567 2529 De
599 2487 724 2529 Carn.
748 2487 895 2527 Resur.
928 2487 977 2525 21
1004 2499 1040 2539 p.
1066 2485 1119 2523 54
1143 2483 1164 2523 l.
1189 2485 1214 2522 S
1239 2482 1310 2523 ΚΓ.
1343 2496 1434 2536 spes
1465 2496 1603 2522 resur-

62 2561 270 2607 rectionis,
301 2559 385 2599 nisi
415 2557 643 2612 manifesta
674 2557 723 2597 cle
756 2554 942 2609 periculo
977 2559 1013 2594 et
1045 2552 1249 2606 praemio.
1310 2550 1513 2591 neminem
1549 2550 1605 2590 ad
1625 2562 1668 2593 35

63 2629 270 2672 eiusmodi
305 2627 559 2683 praesertim
599 2625 856 2679 reliyionem,
889 2622 1056 2677 publico
1094 2620 1187 2660 odio
1224 2625 1261 2660 et
1295 2618 1437 2659 hostili
1476 2618 1606 2672 eloyio

65 2698 295 2745 obnoxiam,
313 2695 597 2750 persuaderet.
660 2694 713 2734 ib.
738 2695 792 2732 534
815 2707 873 2747 pr.
908 2689 1194 2743 transyressio,
1220 2702 1326 2742 quae
1352 2688 1607 2742 perditionis

65 2769 277 2810 humanae
309 2779 437 2807 causa
472 2769 730 2813 est‚...t0tu1n
763 2762 970 2802 hominem
1002 2759 1131 2812 eloyio
1168 2757 1512 2812 transyressionis
1546 2758 1606 2797 in-
