1827 3004
100 106 152 144 38
667 99 1063 142 TERTVLLIANI

99 218 286 258 Graecus
306 223 383 258 aut
404 216 578 256 Thallus
598 229 737 268 neque
758 214 927 255 Cassius
948 213 1129 255 Seuerus
1149 219 1228 254 aut
1248 213 1467 253 Cornelius
1487 212 1634 267 Nepos

97 308 235 348 neque
268 295 378 334 1111115
411 298 727 333 commentator
759 290 967 331 eiusmodi
1000 290 1317 343 antiquitatum
1349 288 1467 330 aliud
1499 303 1631 343 quam

97 371 313 411 hominem
364 369 761 424 promulgauerunt,
815 367 848 408 si
901 372 1116 420 quantum
1167 380 1309 407 rerum
1361 372 1629 421 argumenta,

97 462 309 501 nusquam
341 446 513 487 inuenio
545 445 736 485 fideliora
768 458 899 497 quam
930 443 1048 497 apud
1078 443 1218 497 ipsam
1249 443 1438 493 Italiam,
1470 443 1515 483 in
1546 457 1632 497 qua

97 523 307 564 Saturnus
348 528 447 576 post
488 522 649 562 multas
691 520 986 574 expeditiones
1027 524 1213 573 postque
1254 519 1403 560 Attica
1444 519 1674 573 hospitia5

96 600 300 649 consedit,
339 605 544 653 exceptus
580 614 604 639 a
640 598 760 647 Iano,
799 597 866 637 uel
902 597 1019 646 Iane,
1058 602 1108 637 ut
1143 596 1244 656 Salii
1280 596 1448 637 uolunt.
1509 595 1633 637 Mons

95 690 222 729 quem
253 675 502 724 incoluerat,
537 674 764 715 Saturnius
795 674 950 723 dictus,
985 673 1139 715 ciuitas
1171 687 1303 727 quam
1335 634 1705 727 depalauera†‚s

95 751 296 792 Saturnia
327 766 462 805 usque
492 765 606 791 nunc
637 756 713 800 est,
747 756 842 791 tota
873 741 1058 804 denique
1089 749 1218 790 Italia
1248 754 1348 803 post
1380 748 1631 790 Oenotriam

95 827 296 869 Saturnia
318 828 718 883 cognominabatur.
770 827 836 867 Ab
858 827 951 881 ipso
973 827 1161 881 primum
1183 825 1360 867 tabulae
1382 831 1426 867 et
1445 826 1632 881 imagine

95 904 288 959 signatus
316 919 532 954 nummus,
565 910 608 945 et
635 904 734 944 inde
765 904 927 944 aerario
957 903 1186 957 praesidet.
1248 903 1410 943 Tamen
1439 903 1473 944 si
1502 903 1631 944 homo
1652 921 1698 944 10

96 980 319 1031 Saturnus,
347 982 497 1035 utique
521 996 573 1021 ex
598 981 782 1030 homine,
810 985 853 1020 et
877 980 978 1033 quia
1003 979 1057 1020 ab
1082 979 1267 1029 homine,
1293 993 1381 1020 non
1404 980 1556 1034 utique
1580 980 1632 1020 de

96 1058 210 1098 caelo
250 1063 293 1098 et
330 1063 456 1098 terra.
518 1057 601 1098 Sed
639 1057 759 1097 cuius
797 1062 998 1111 parentes
1034 1056 1172 1111 ignoti
1211 1061 1347 1106 erant,
1387 1056 1512 1097 facile
1548 1056 1633 1097 fuit

95 1147 242 1173 eorum
277 1134 413 1175 filium
449 1134 531 1174 dici
569 1148 752 1187 quorum
789 1139 833 1174 et
868 1147 1017 1174 omnes
1052 1147 1282 1187 possumus
1317 1133 1466 1173 uideri.
1529 1132 1632 1181 Quis

95 1210 208 1250 enim
232 1225 317 1250 non
344 1211 509 1251 caelum
535 1225 584 1250 ac
609 1216 769 1251 terram
794 1215 979 1250 matrem
1005 1224 1054 1250 ac
1078 1215 1249 1264 patrem
1273 1209 1564 1250 uenerationis
1590 1215 1634 1250 et

94 1287 264 1328 honoris
278 1288 416 1342 gratia
433 1288 647 1342 appellet?
683 1287 751 1328 uel
769 1302 820 1328 ex
838 1288 1149 1329 consuetudine
1166 1288 1370 1338 humana,
1388 1302 1474 1342 qua
1494 1288 1631 1342 ignoti
1654 1307 1698 1339 15

31 1374 37 1391 ν’
93 1363 161 1404 1101
201 1378 253 1404 ex
286 1364 510 1418 inopinato
551 1365 810 1419 adparentes
843 1365 896 1405 de
931 1365 1047 1405 caelo
1083 1365 1379 1419 superuenisse
1414 1364 1630 1405 dicuntur.

94 1440 278 1481 Proinde
304 1441 490 1482 Saturno
514 1442 739 1495 repentino
765 1441 927 1495 ubique
952 1441 1149 1481 caelitem
1175 1441 1357 1496 contigit
1381 1441 1487 1490 dici;
1529 1456 1631 1482 nam

95 1523 138 1557 et
158 1523 296 1558 terrae
316 1518 424 1559 filios
444 1519 599 1573 uulgus
618 1524 749 1559 uocat
770 1533 954 1572 quorum
974 1532 1108 1573 genus
1127 1518 1342 1558 incertum
1364 1524 1441 1559 est.
1494 1519 1631 1560 Taceo

95 1594 211 1647 quod
236 1594 298 1635 ita
324 1595 450 1635 rudes
476 1595 618 1636 adhuc
644 1596 839 1636 homines
865 1595 1066 1650 agebant,
1094 1601 1145 1636 ut
1170 1595 1399 1637 cuiuslibet
1422 1597 1525 1637 noui
1551 1597 1632 1637 uiri

93 1669 301 1724 adspectu
335 1672 456 1725 quasi
489 1672 637 1713 diuino
671 1678 1060 1723 commonerentur,
1096 1687 1195 1714 cum
1228 1673 1355 1714 hodie
1386 1674 1474 1714 iam
1507 1674 1631 1728 politi
1652 1697 1698 1719 20

94 1760 201 1800 quos
230 1753 331 1788 ante
359 1762 520 1802 paucos
549 1748 639 1789 dies
667 1749 789 1790 luctu
818 1741 990 1804 publico
1020 1756 1216 1791 mortuos
1244 1751 1332 1791 sint
1361 1751 1555 1801 confessi,
1587 1752 1632 1792 in

93 1823 195 1863 deos
226 1830 487 1866 consecrent.
548 1825 662 1866 Satis
692 1826 779 1867 iam
811 1827 865 1867 de
896 1827 1097 1877 Saturno,
1130 1828 1231 1868 licet
1261 1828 1422 1881 paucis.
1483 1828 1631 1869 Etiam

93 1898 243 1939 Iouem
266 1900 543 1942 ostendemus
565 1907 658 1942 tam
681 1902 899 1943 hominem
922 1917 1054 1957 quam
1078 1918 1129 1944 ex
1152 1904 1338 1954 homine,
1365 1910 1408 1945 et
1430 1904 1631 1958 deinceps

93 1980 237 2016 totum
257 1977 420 2031 generis
442 1991 623 2018 examen
644 1983 736 2019 tam
757 1980 940 2020 mortale
961 1995 1092 2034 quam
1113 1980 1287 2021 seminis
1308 1981 1372 2021 0111
1394 1995 1484 2035 par.

176 2117 248 2157 11.
307 2118 366 2159 Et
404 2120 610 2172 quoniam
648 2121 761 2162 sicut
797 2121 892 2162 illos
931 2122 1126 2165 homines
1164 2122 1295 2163 fuisse
1333 2138 1420 2164 non
1460 2124 1630 2166 audetis
1650 2143 1695 2174 25

93 2207 259 2248 negare,
298 2195 360 2235 ita
398 2202 498 2250 post
535 2203 718 2238 mortem
757 2198 858 2239 deos
897 2199 1035 2239 factos
1072 2199 1323 2240 instituistis
1361 2200 1627 2251 adseuerare,

94 2283 244 2311 causas
292 2286 401 2325 quae
450 2273 530 2313 hoc
578 2275 797 2329 exegerint
844 2281 1141 2318 retractemus.
1202 2277 1406 2332 Inprimis
1454 2279 1630 2332 quidem

93 2360 262 2387 necesse
308 2354 372 2389 est
416 2350 662 2391 concedatis
707 2365 796 2392 esse
841 2352 1029 2406 aliquem
1073 2354 1367 2396 sublimiorem
1411 2356 1541 2397 deum
1586 2362 1630 2398 et

94 2428 335 2481 mancipem
361 2430 577 2482 quendam
604 2431 859 2482 diuinitatis,
888 2434 961 2487 qui
988 2448 1039 2474 ex
1065 2434 1312 2477 hominibus
1337 2436 1439 2477 deos
1464 2436 1626 2478 fecerit.

94 2501 207 2542 Nam
235 2517 373 2557 neque
400 2505 480 2545 sibi
507 2506 566 2546 illi
595 2521 761 2548 sumere
788 2510 1033 2562 potuissent
1060 2511 1350 2562 diuinitatem,
1381 2528 1513 2567 quam
1540 2529 1628 2555 non
1647 2532 1695 2565 30

95 2579 327 2629 habebant,
366 2596 443 2621 1100
480 2583 588 2624 alius
625 2591 843 2638 praestare
881 2601 976 2627 eam
1013 2603 1100 2629 non
1137 2589 1399 2631 habentibus
1435 2591 1516 2631 nisi
1554 2592 1628 2645 qui

95 2658 262 2711 proprie
294 2660 554 2712 possidebat.
616 2663 815 2704 Ceterum
847 2666 881 2706 si
912 2680 1038 2707 nemo
1071 2674 1182 2709 esset
1214 2669 1288 2723 qui
1319 2669 1420 2710 deos
1451 2669 1625 2721 faceret,

94 2736 251 2778 frustra
297 2742 568 2792 praesumitis
613 2743 714 2784 deos
758 2745 897 2786 factos
941 2747 1175 2789 auferendo
1219 2749 1442 2790 factorem.
1504 2750 1629 2792 Certe
