1827 3004
74 94 115 135 p.
141 79 242 122 901.
272 79 309 132 l]
582 77 1017 119 APOLOGETICVS
1051 79 1103 117 25
1527 79 1608 118 335

75 205 180 230 uasa
198 191 388 244 ipsorum
400 189 719 243 sacrificiorum,
737 204 786 230 ac
798 189 1067 243 piaculorum
1085 195 1121 230 et
1139 195 1329 230 uotorum
1347 190 1607 232 curiositates

77 258 399 306 consideramus,
431 271 563 298 nonne
595 257 819 311 manifeste
853 257 1045 298 diabolus
1081 258 1366 299 morositatem
1400 258 1609 300 Iudaicae

78 327 180 381 lessis
210 327 402 368 imitatus
431 327 520 367 est?
581 325 666 367 Cic.
691 325 795 380 Rop.
821 337 853 365 II
886 340 917 366 c.
944 329 995 365 14
1027 324 1046 381 ξ
1069 328 1132 367 26.
1195 326 1260 367 De
1284 326 1386 368 Nat.
1408 326 1531 368 Deor.
1556 339 1607 367 III

75 395 94 451 ᾗ
130 397 195 435 43.
258 395 352 435 qu.
396 396 419 435 6
457 396 540 435 343
582 409 620 434 n.
656 394 965 449 [unpublished
1007 394 1136 447 A.S.].
1198 394 1381 436 Lasaulx
1423 395 1608 436 Studien

78 479 113 519 p.
142 467 220 505 135
244 479 282 504 n.
307 466 400 504 214.
434 466 513 504 211
539 479 576 504 n.
602 466 665 504 58.
729 463 973 518 Schwegler
996 475 1009 503 I
1035 466 1113 504 541
1139 479 1178 504 n.
1201 468 1237 505 4.
1631 482 1650 513 5

165 544 395 573 CONCEPTA
429 548 460 573 c.
483 534 537 573 38
569 547 696 586 aeque
717 532 962 586 spectaculis
982 532 1134 573 uestris
1161 532 1205 572 in
1232 538 1397 574 tantum
1423 533 1610 574 renunti-

78 617 210 649 amus,
228 603 271 642 in
294 608 496 656 quantum
519 600 752 655 oriyinibus
774 615 927 647 eorum,
949 615 1053 654 quus
1074 601 1228 641 scimus
1250 601 1300 642 cle
1320 601 1612 655 superstitione

79 677 304 726 conceptas.

167 751 430 781 CVRIOSITAS
464 740 573 795 Aug.
604 739 668 780 De
692 738 784 780 Ciu.
810 738 890 779 Dei
915 749 981 778 vn
1005 740 1058 779 35
1081 740 1115 790 (1
1140 740 1222 779 319
1247 741 1291 790 2)
1313 740 1355 779 in
1379 740 1458 780 illa
1481 740 1612 793 z‘syttur

79 810 378 865 hydromantia
412 809 722 850 curiosissimus
754 823 827 848 rea}
857 808 931 849 ille
964 807 1182 848 Romanus
1216 815 1253 849 et
1289 824 1414 850 sacra
1449 809 1613 857 didicit,
1636 825 1676 846 10

80 894 184 934 quae
216 880 257 918 in
298 877 418 919 libris
449 878 538 918 suis
569 878 785 932 pontifices
821 876 1024 923 haberent,
1067 883 1104 917 et
1137 891 1281 917 eorum
1315 892 1475 926 causas,
1509 894 1614 933 quas

77 955 252 1003 praeter
285 963 326 989 se
360 948 564 989 neminem
600 948 706 988 scire
738 947 883 987 uoluit.
946 951 1070 1001 ‘very
1100 946 1216 986 rare'
1253 948 1294 999 (l
1331 946 1417 988 Cic.
1442 950 1465 987 2
1498 948 1611 988 Tert.

86 1022 100 1058 1
134 1018 336 1069 Macrob.)
364 1017 442 1058 LS.
494 1017 577 1057 add
606 1017 659 1057 ad
691 1022 775 1057 nat.
808 1027 842 1056 II
870 1018 892 1056 2
925 1030 962 1070 p.
988 1018 1040 1057 95
1074 1016 1096 1056 l.
1127 1017 1180 1056 20
1211 1016 1333 1057 W'iss.
1364 1019 1390 1057 4
1418 1017 1486 1057 fin.
1549 1017 1619 1059 DQ

82 1087 197 1129 Cult.
220 1087 336 1127 Fem.
360 1098 374 1126 I
409 1090 443 1127 2.
505 1086 574 1126 Ad
607 1086 731 1126 onr.
756 1097 789 1125 ΙΙ
814 1089 848 1125 5.
910 1085 976 1126 De
1009 1085 1154 1126 Idolol.
1180 1087 1203 1126 9
1227 1101 1265 1141 p.
1288 1088 1342 1126 38
1366 1086 1388 1126 l.
1415 1090 1463 1126 11
1490 1086 1613 1127 Wiss.

84 1156 148 1197 De
173 1156 354 1197 Praescr.
374 1156 502 1196 Haer.
519 1158 543 1195 8
566 1170 625 1210 pr.
645 1157 697 1195 14
719 1169 778 1209 pr.
841 1154 968 1209 Apul.
988 1154 1163 1195 Metam.
1189 1166 1202 1194 Ι
1228 1157 1279 1195 12
1298 1155 1367 1196 fin.
1402 1167 1455 1196 III
1480 1158 1533 1196 14
1555 1171 1614 1211 pr.
1639 1171 1679 1201 15

82 1237 112 1264 V
138 1228 199 1266 15.
226 1227 288 1266 19.
314 1227 368 1266 20
399 1225 468 1265 fin.
493 1227 557 1265 21.
620 1235 670 1264 IX
695 1225 758 1264 13.
821 1235 869 1263 XI
895 1226 959 1264 15.
983 1225 1036 1263 22
1059 1224 1129 1264 fin.
1153 1226 1217 1264 23.
1279 1223 1379 1277 [See
1408 1224 1530 1266 Thes.
1555 1225 1618 1265 for

84 1308 211 1348 many
235 1308 360 1334 more.
412 1292 527 1346 ΑΒ]

172 1372 701 1402 NONDVM...SIMVLACRIS
730 1361 796 1401 De
826 1361 972 1401 Idolol.
1001 1363 1026 1401 3
1050 1376 1109 1416 pr.
1154 1361 1318 1402 idolum
1347 1362 1615 1416 aliquamdiu

84 1437 194 1472 retro
230 1445 312 1471 ‘nou
343 1436 443 1471 erat.
499 1430 756 1484 priusquam
787 1429 912 1470 liuius
944 1430 1120 1470 monstri
1153 1430 1336 1484 artifices
1370 1429 1617 1479 ebullissent,

83 1500 173 1541 sola
195 1500 353 1555 templa
373 1506 410 1542 et
430 1514 590 1541 uacuae
613 1500 735 1540 aedes
756 1506 886 1548 erant,
908 1499 1014 1541 sicut
1036 1500 1081 1540 in
1103 1499 1348 1541 hodiernum
1367 1500 1618 1554 quibusdam
1638 1517 1680 1538 20

86 1570 184 1611 locis
206 1570 424 1610 uetustatis
445 1569 626 1623 uestiyia
647 1575 905 1624 permanent.
968 1575 1103 1610 tamen
1132 1569 1384 1610 idololatria
1405 1570 1618 1624 ayebatur,

84 1654 165 1680 non
186 1639 231 1679 in
252 1639 330 1680 isto
348 1639 522 1687 nomine,
540 1638 611 1679 sed
632 1639 678 1679 in
693 1639 771 1680 isto
788 1653 916 1693 opere.
969 1654 1069 1679 nam
1087 1645 1123 1680 et
1144 1638 1265 1680 hodie
1281 1645 1400 1680 extra
1418 1640 1619 1694 templum

86 1715 121 1750 et
145 1709 235 1749 sine
261 1708 372 1749 idolo
401 1708 473 1762 αφ’
491 1713 635 1762 potest.
696 1713 741 1748 at
762 1707 832 1748 ubi
853 1708 1036 1762 artifices
1057 1713 1297 1748 statuarum
1320 1713 1357 1748 et
1381 1707 1619 1762 imaginum

86 1784 123 1819 et
141 1780 274 1819 omnis
291 1778 455 1832 yeneris
470 1778 799 1819 simulacrorum
816 1777 1009 1818 diabolus
1028 1777 1190 1818 saeculo
1210 1777 1366 1825 intulit,
1384 1778 1487 1819 rude
1508 1777 1621 1819 illud

86 1849 295 1902 neyotium
316 1848 526 1889 humanae
547 1848 806 1889 calamitatis
829 1853 865 1888 et
895 1861 1037 1888 nomen
1060 1846 1111 1887 de
1131 1847 1260 1888 idolis
1285 1853 1542 1888 consecutum
1564 1853 1621 1889 est
1641 1864 1682 1895 25

87 1923 124 1960 et
139 1917 387 1972 profectum.
432 1917 543 1958 Plui.
566 1916 714 1957 Numa
736 1919 772 1957 8.
821 1915 954 1956 Varro
976 1916 1017 1956 in
1043 1915 1154 1971 Aug.
1177 1915 1242 1956 De
1266 1914 1460 1957 Oiu.De1
1483 1927 1531 1957 IV
1555 1918 1619 1957 31.

89 1986 168 2028 Ou.
199 1987 314 2027 Fast.
337 1998 385 2026 VI
409 1988 590 2027 295—8.
643 1986 760 2026 More
790 1985 833 2025 in
864 1984 1116 2038 Marquardt
1148 1995 1201 2024 III
1230 1987 1251 2024 5
1275 1999 1315 2025 n.
1341 1987 1374 2027 1.
1436 1984 1620 2025 Lasaulx

92 2058 172 2097 109
196 2071 234 2097 n.
258 2058 322 2097 40.
348 2057 585 2096 110—111.
647 2069 776 2109 supra
797 2069 828 2094 c.
854 2055 905 2095 16
928 2068 982 2093 no
1005 2053 1145 2107 image
1167 2052 1210 2093 In
1236 2053 1309 2094 the
1331 2053 1519 2109 Temple.

178 2140 214 2180 p.
248 2126 302 2164 88
344 2125 367 2164 I.
401 2126 455 2165 36
500 2135 638 2164 FRVGI
680 2134 865 2163 RELIGIO
908 2133 963 2162 ET
1004 2133 1236 2162 PAVPERES
1282 2133 1415 2162 RITVS
1475 2123 1619 2164 Numa

85 2208 253 2249 pauper
274 2193 400 2233 Mart.
423 2204 473 2233 XI
497 2195 520 2232 5
546 2195 580 2232 2.
644 2191 749 2232 Plin.
774 2203 893 2231 XVIII
926 2193 959 2231 2.
986 2193 1008 2231 2
1038 2189 1056 2246 ξ
1079 2190 1101 2231 7
1135 2190 1283 2232 Numa
1314 2191 1496 2233 instituit
1527 2191 1623 2233 deos
1642 2211 1686 2242 30

81 2262 214 2317 fruye
237 2261 366 2303 colere
387 2267 424 2302 et
445 2262 558 2302 mola
579 2261 696 2301 salsa
716 2261 966 2315 supplicare.

180 2341 420 2371 CAPITOLIA
452 2329 608 2370 Arnob.
639 2341 653 2369 I
678 2332 740 2370 34.

180 2415 216 2455 p.
245 2401 298 2440 90
331 2399 354 2439 l.
383 2401 403 2438 1
438 2409 702 2438 TEMERARIA
735 2409 793 2438 DE
824 2409 1038 2439 CAESPITE
1071 2409 1267 2438 ALTARIA
1301 2398 1396 2439 qu.
1427 2401 1477 2439 12
1512 2401 1623 2440 2—3

36 2467 38 2469 ’
81 2469 222 2524 festus
244 2468 458 2523 promissa
487 2468 575 2508 deis
596 2468 809 2508 animalia
839 2482 1001 2521 caespes
1029 2473 1222 2522 eapectat.
1285 2467 1431 2508 Lucan
1463 2480 1510 2508 IX
1541 2471 1623 2509 988

93 2539 223 2579 eremit
257 2537 414 2578 subitas
449 2543 639 2590 conyestu
674 2537 868 2590 caespitis
901 2551 1012 2576 aras.
1076 2536 1204 2591 Apul.
1242 2536 1419 2578 Metam.
1454 2548 1521 2577 VII
1561 2540 1624 2578 10.
1646 2551 1688 2581 35

94 2606 269 2659 βωμοὺς
320 2604 630 2659 αὐτοσχεδίους
681 2604 854 2660 Di0nys.
908 2604 1125 2645 Halicarn.
1176 2604 1260 2644 and
1312 2604 1535 2646 Iamblich.
1583 2605 1625 2645 in

96 2675 264 2716 Oehler.

184 2755 299 2784 VASA
342 2743 452 2784 Pers.
496 2755 529 2783 II
572 2744 742 2784 59—60
784 2758 938 2783 amum
985 2758 1090 2784 uasa
1132 2742 1302 2785 Numae
1344 2744 1628 2800 Satmniaque
