1827 3004
104 71 155 111 76
670 69 1069 111 TERTVLLIANI

101 184 390 224 execramenti
408 197 514 224 uoce
532 183 801 238 pronuntiat.
861 182 1047 238 Angelos
1065 197 1238 237 quoque
1256 182 1388 223 etiam
1407 180 1533 221 Plato
1551 194 1638 220 non

103 257 291 312 negauit.
352 257 590 311 Utriusque
613 256 799 297 nominis
823 261 956 297 testes
980 270 1069 297 esse
1091 256 1160 296 uel
1184 256 1298 310 magi
1322 255 1495 296 adsunt.
1556 252 1639 293 Sed

104 332 322 385 quomodo
347 331 400 372 de
426 332 586 386 angelis
608 331 869 385 quibusdam
891 345 969 371 sua
990 336 1145 385 sponte
1166 329 1378 384 corruptis
1400 327 1640 382 corruptior

102 420 205 461 gens
224 406 484 447 daemonum
504 406 700 456 euaserit,
722 406 931 446 damnata
950 420 976 446 a
994 406 1072 446 deo
1091 419 1189 446 cum
1208 404 1372 460 generis
1390 402 1640 445 auctoribus

104 486 148 522 et
176 494 273 521 cum
304 495 352 521 eo
382 494 510 535 quem
539 480 728 521 diximus
757 480 961 535 principe,
992 480 1109 534 apud
1137 481 1305 521 litteras
1333 484 1506 520 sanctas
1535 477 1640 518 ordo
1660 493 1679 526 5

104 556 387 610 cognoscitur.
448 555 574 596 Nunc
608 555 662 596 de
694 555 944 610 operatione
979 568 1125 596 eorum
1159 555 1265 596 satis
1299 554 1380 594 erit
1413 565 1638 607 exponere.

105 630 308 684 Operatio
343 644 490 671 eorum
524 636 589 671 est
622 630 806 671 hominis
841 631 1016 671 euersio.
1077 630 1145 671 Sic
1178 629 1344 670 malitia
1378 627 1583 682 spiritalis
1616 640 1640 666 a

104 705 337 759 primordio
358 705 583 759 auspicata
604 710 670 745 est
688 705 733 745 in
753 705 938 745 hominis
959 704 1153 745 exitium.
1214 704 1372 758 Itaque
1392 701 1642 756 corporibus

105 779 279 834 quidem
301 785 344 820 et
362 779 625 821 ualitudines
644 779 847 834 infligunt
867 785 911 820 et
930 780 1096 834 aliquos
1116 793 1241 820 casus
1260 778 1448 827 acerbos,
1471 777 1642 818 animae

104 868 206 894 uero
230 854 478 908 repentinos
502 859 546 895 et
569 854 933 895 extraordinarios
956 868 1031 908 per
1054 854 1143 895 uim
1168 867 1378 894 excessus,
1439 850 1643 906 Suppetit
1666 862 1708 886 10

104 928 186 969 illis
212 928 268 968 ad
293 933 525 983 utramque
550 928 843 969 substantiam
870 928 1055 969 hominis
1081 927 1327 969 adeundam
1354 926 1573 968 subtilitas
1600 929 1644 965 et

105 1003 297 1043 tenuitas
326 1017 416 1043 sua.
477 1003 665 1043 Multum
695 1003 961 1057 spiritalibus
990 1003 1155 1044 uiribus
1183 1002 1296 1051 licet,
1328 1007 1380 1042 ut
1408 999 1644 1042 inuisibiles

106 1083 149 1118 et
171 1077 437 1119 insensibiles
459 1078 504 1118 in
529 1077 687 1119 effectu
710 1078 855 1132 potius
880 1093 1012 1133 quam
1035 1079 1079 1119 in
1103 1083 1205 1119 actu
1229 1092 1306 1118 suo
1330 1080 1583 1131 appareant,
1609 1074 1644 1115 si

91 1145 248 1207 poma,
277 1153 311 1194 si
337 1153 479 1208 fruges
506 1154 648 1194 nescio
675 1154 793 1208 quod
819 1168 949 1194 aurae
974 1154 1114 1195 latens
1141 1154 1297 1194 uitium
1323 1153 1368 1193 in
1394 1151 1497 1192 flore
1523 1164 1643 1205 prae-

106 1228 273 1282 cipitat,
304 1228 349 1268 in
378 1229 568 1283 germine
599 1229 833 1278 exanimat,
865 1229 909 1270 in
940 1229 1171 1284 pubertate
1201 1228 1498 1276 conuulnerat,
1530 1240 1581 1267 ac
1610 1225 1645 1266 si
1667 1241 1708 1273 15

107 1317 232 1344 caeca
260 1303 427 1344 ratione
455 1309 699 1358 temptatus
727 1309 799 1345 aer
826 1305 1077 1359 pestilentes
1104 1305 1286 1345 haustus
1315 1318 1414 1344 suos
1442 1301 1643 1343 offundit.

107 1378 273 1418 Eadem
299 1378 430 1432 igitur
457 1379 723 1420 obscuritate
751 1379 1019 1434 contagionis
1046 1379 1284 1434 adspiratio
1312 1378 1575 1418 daemonum
1603 1380 1647 1416 et

107 1453 356 1508 angelorum
377 1454 535 1495 mentis
556 1469 728 1509 quoque
749 1455 1015 1508 corruptelas
1035 1455 1126 1509 agit
1145 1453 1362 1494 furoribus
1383 1458 1426 1493 et
1446 1451 1647 1493 amentiis

107 1528 243 1569 foedis
264 1534 341 1569 aut
368 1529 507 1569 saeuis
534 1529 786 1570 libidinibus
814 1543 912 1570 cum
941 1529 1153 1570 erroribus
1180 1529 1323 1578 uariis,
1354 1541 1538 1582 quorum
1565 1526 1647 1567 iste

108 1604 356 1657 potissimus
394 1619 478 1658 quo
515 1604 618 1645 deos
653 1605 760 1645 istos
796 1605 935 1659 captis
972 1610 1015 1645 et
1052 1604 1384 1658 circumscriptis
1421 1601 1646 1643 hominum
1667 1618 1712 1641 20

108 1678 327 1719 mentibus
366 1679 656 1729 commendat,
698 1685 749 1720 ut
789 1685 832 1720 et
871 1680 951 1720 sibi
991 1679 1151 1734 pabula
1191 1678 1364 1733 propria
1403 1677 1565 1718 nidoris
1604 1682 1648 1717 et

108 1753 327 1807 sanguinis
355 1759 557 1807 procuret
585 1754 823 1795 simulacris
850 1754 1111 1809 imaginibus
1140 1754 1300 1794 oblata.
1362 1753 1421 1794 Et
1449 1766 1559 1806 quae
1587 1751 1647 1792 illi

109 1829 349 1869 accuratior
387 1843 548 1882 pascua
588 1835 664 1879 est,
708 1844 839 1883 quam
879 1835 929 1870 ut
968 1829 1186 1870 hominem
1227 1843 1248 1869 e
1288 1828 1482 1883 cogitatu
1520 1841 1648 1868 uerae

110 1902 353 1944 diuinitatis
383 1909 556 1944 auertat
586 1904 827 1959 praestigiis
857 1904 1001 1945 falsis?
1065 1904 1180 1952 Quas
1211 1909 1255 1944 et
1282 1903 1398 1957 ipsas
1429 1902 1646 1957 quomodo

109 1983 310 2031 operetur
344 1978 584 2032 expediam.
647 1979 797 2020 Omnis
831 1979 1007 2033 spiritus
1041 1978 1127 2019 ales
1163 1983 1239 2019 est.
1300 1978 1396 2018 Hoc
1430 1977 1569 2032 angeli
1604 1981 1648 2017 et
1669 1995 1710 2027 25

109 2052 352 2094 daemones.
414 2054 553 2108 Igitur
572 2060 793 2095 momento
814 2054 975 2108 ubique
994 2060 1118 2103 sunt;
1156 2059 1276 2094 totus
1296 2053 1411 2094 orbis
1429 2053 1511 2093 illis
1529 2053 1648 2093 locus

110 2142 220 2167 unus
243 2133 329 2177 est;
369 2129 473 2182 quid
496 2128 569 2169 ubi
591 2135 765 2184 geratur
786 2135 878 2170 tam
901 2129 1024 2170 facile
1047 2129 1190 2169 sciunt
1212 2143 1344 2182 quam
1366 2128 1645 2169 adnuntiant.

110 2202 325 2242 Velocitas
352 2203 559 2244 diuinitas
585 2204 785 2254 creditur,
814 2204 915 2258 quia
942 2204 1189 2244 substantia
1215 2204 1450 2258 ignoratur.
1511 2202 1580 2243 Sic
1606 2207 1650 2243 et

111 2282 309 2317 auctores
336 2278 555 2319 interdurn
584 2279 720 2319 uideri
749 2279 905 2319 uolunt
934 2293 1081 2319 eorum
1112 2293 1223 2332 quae
1251 2278 1529 2319 adnuntiant.
1590 2277 1650 2317 Et

111 2356 213 2392 sunt
240 2352 366 2405 plane
394 2353 605 2393 malorum
633 2368 960 2407 nonnunquam,
991 2353 1204 2394 bonorum
1232 2358 1380 2394 tamen
1406 2366 1645 2406 nunquam.
1668 2370 1713 2402 30

112 2425 427 2479 Dispositiones
448 2428 579 2467 etiam
602 2428 670 2468 dei
693 2433 736 2468 et
758 2433 863 2468 tunc
885 2428 1108 2482 prophetis
1131 2427 1485 2468 contionantibus
1507 2440 1647 2466 excer-

114 2506 225 2553 punt
259 2506 302 2541 et
335 2516 449 2542 nunc
483 2502 739 2543 lectionibus
772 2502 1075 2543 resonantibus
1109 2507 1306 2556 carpunt.
1367 2502 1438 2542 Ita
1473 2507 1517 2542 et
1550 2501 1649 2542 hinc

114 2580 332 2615 sumentes
364 2576 575 2630 quasdam
607 2582 853 2631 temporum
884 2583 1020 2618 sortes
1052 2577 1326 2618 aemulantur
1357 2576 1646 2626 diuinitatem,

114 2649 218 2689 dum
252 2650 453 2691 furantur
487 2650 814 2692 diuinationem.
875 2652 927 2692 In
961 2652 1145 2693 oraculis
1177 2656 1325 2692 autem
1360 2665 1445 2705 quo
1479 2650 1648 2706 ingenio

114 2724 422 2779 ambiguitates
443 2730 687 2779 temperent
706 2727 751 2767 in
773 2732 954 2767 euentus
975 2727 1118 2768 sciunt
1139 2726 1293 2775 Croesi,
1317 2726 1459 2766 sciunt
1480 2725 1646 2779 Pyrrhi.
1668 2739 1711 2772 35
