1827 3004
140 98 192 137 68
706 95 1104 136 TERTVLLIANI

140 215 330 250 extorres
351 214 568 264 uagantur
588 223 663 263 per
683 209 831 265 orbem
852 209 943 250 sine
964 209 1148 258 homine,
1172 209 1262 250 sine
1283 208 1362 249 deo
1384 223 1492 263 rege,
1516 209 1673 263 quibus

138 292 217 318 nec
250 278 517 318 aduenarum
550 278 642 318 iure
675 283 835 318 terram
868 278 1057 332 patriam
1091 278 1235 318 saltim
1269 277 1451 331 uestigio
1485 278 1674 318 salutare

139 346 400 387 conceditur.
461 346 567 387 Cum
614 346 720 386 haec
764 346 845 386 illis
891 351 1068 386 sanctae
1112 360 1240 386 uoces
1286 346 1670 400 praeminarentur,

139 415 288 455 eadem
312 428 480 468 semper
503 428 651 455 omnes
673 415 928 469 ingerebant
951 415 1041 455 fore
1064 414 1129 455 uti
1152 414 1232 455 sub
1258 414 1430 455 extimis
1454 415 1673 456 curriculis

138 483 295 523 saeculi
325 497 377 523 ex
405 483 522 523 omni
550 483 637 523 iam
665 488 793 537 gente
821 488 866 523 et
893 483 1053 538 populo
1083 488 1127 524 et
1153 483 1247 523 loco
1277 483 1462 523 cultores
1489 483 1569 524 sibi
1598 483 1670 524 ad·
1691 497 1710 529 5

136 552 295 606 legeret
340 551 445 591 deus
491 551 629 592 multo
674 551 885 592 fideliores
930 552 974 592 in
1021 565 1129 605 quos
1174 551 1359 606 gratiam
1405 552 1670 602 transferret,

136 620 370 674 pleniorem
396 620 570 674 quidem
596 619 650 660 ob
677 620 927 674 disciplinae
952 620 1155 661 auctioris
1180 620 1482 675 capacitatem.
1542 621 1673 661 Venit

134 688 266 743 igitur
295 688 368 742 qui
398 688 454 729 ad
483 688 804 729 reformandam
835 694 878 729 et
906 688 1252 729 inluminandam
1283 703 1377 729 eam
1408 694 1617 729 uenturus
1646 704 1672 729 a

136 761 215 803 deo
259 762 663 816 praenuntiabatur,
710 762 904 803 Christus
947 763 1017 803 ille
1059 762 1172 803 filius
1215 762 1296 803 dei.
1356 762 1498 803 Huius
1541 762 1672 817 igitur

135 836 299 890 gratiae
332 836 668 890 disciplinaeque
701 835 863 877 arbiter
896 841 940 876 et
972 836 1188 890 magister,
1223 836 1505 876 inluminator
1538 842 1671 891 atque
1694 853 1736 876 10

135 909 345 950 deductor
366 910 530 964 generis
553 910 731 950 humani
754 910 865 950 filius
888 910 955 950 dei
979 910 1345 951 adnuntiabatur:
1386 925 1473 951 non
1495 911 1670 965 quidem

133 984 197 1024 ita
224 983 407 1038 genitus,
438 989 489 1024 ut
517 983 742 1024 erubescat
768 984 813 1024 in
841 983 915 1024 filii
943 983 1116 1024 nomine
1144 990 1223 1024 aut
1250 983 1303 1023 de
1331 984 1467 1038 patris
1494 985 1667 1026 semine.

135 1058 234 1099 Non
258 1058 311 1099 de
334 1058 489 1098 sororis
512 1057 676 1098 incesto
700 1071 779 1098 nec
803 1057 856 1098 de
880 1063 1030 1112 stupro
1054 1057 1167 1098 filiae
1191 1063 1269 1098 aut
1293 1058 1483 1112 coniugis
1508 1059 1671 1100 alienae

134 1132 263 1172 deum
293 1138 463 1187 patrem
497 1146 649 1186 passus
680 1136 745 1172 est
773 1137 1054 1186 squamatum
1084 1137 1162 1172 aut
1192 1137 1422 1172 cornutum
1461 1138 1540 1173 aut
1577 1133 1669 1187 plu-

134 1212 315 1256 matum,
335 1212 575 1247 amatorem
591 1206 636 1246 in
652 1220 757 1247 auro
776 1220 1031 1247 conuersum
1048 1206 1270 1247 Danaidis.
1322 1207 1440 1247 Iouis
1459 1207 1543 1248 ista
1567 1214 1671 1249 sunt
1692 1224 1733 1256 15

132 1280 311 1321 numina
331 1285 489 1321 uestra.
550 1279 750 1320 Ceterum
771 1279 838 1320 dei
857 1279 970 1320 filius
989 1279 1153 1320 nullam
1173 1279 1226 1320 de
1244 1279 1517 1334 impudicitia
1537 1281 1671 1322 habet

133 1360 340 1403 matrem3
377 1354 509 1395 etiam
528 1368 661 1408 quam
679 1353 854 1395 uidetur
872 1353 1042 1403 habere,
1063 1368 1151 1394 non
1168 1359 1389 1408 nupserat.
1450 1354 1533 1396 Sed
1552 1356 1670 1410 prius

131 1428 423 1470 substantiam
453 1428 696 1477 edisseram,
728 1433 772 1468 et
798 1428 861 1468 ita
889 1428 1137 1469 natiuitatis
1166 1428 1354 1482 qualitas
1381 1428 1666 1484 intellegetur.

131 1503 226 1544 Iam
247 1503 460 1544 ediximus
480 1502 609 1543 deum
629 1502 960 1543 uniuersitatem
980 1502 1093 1543 hanc
1112 1502 1263 1543 mundi
1283 1502 1416 1543 uerbo
1438 1508 1481 1544 et
1501 1504 1668 1545 ratione

132 1581 176 1617 et
195 1577 360 1617 uirtute
380 1576 593 1617 molitum.
653 1575 784 1630 Apud
805 1581 972 1617 uestros
993 1590 1166 1630 quoque
1193 1576 1410 1630 sapientes
1436 1577 1665 1628 AOFON,
1688 1593 1734 1616 20

128 1650 173 1691 id
218 1656 283 1691 est
325 1664 566 1691 sermonem
610 1655 744 1704 atque
787 1649 1013 1699 rationem,
1061 1654 1234 1690 constat
1277 1649 1487 1690 artificem
1531 1650 1667 1692 uideri

129 1724 437 1765 uniuersitatis.
497 1724 628 1764 Hunc
661 1723 774 1764 enim
807 1723 921 1764 Zeno
955 1723 1218 1764 determinat
1249 1723 1557 1774 factitatorem,
1593 1725 1667 1779 qui

130 1803 286 1839 cuncta
310 1799 355 1839 in
380 1798 662 1852 dispositione
686 1797 962 1846 formauerit3
1007 1797 1191 1838 eundem
1218 1801 1262 1837 et
1286 1796 1427 1837 fatum
1452 1799 1598 1839 uocari
1625 1804 1668 1840 et

129 1872 258 1912 deum
284 1878 328 1913 et
352 1872 546 1912 animum
572 1872 690 1912 Iouis
716 1876 759 1912 et
783 1871 1086 1912 necessitatem
1111 1871 1305 1912 omnium
1330 1885 1486 1913 rerum.
1545 1872 1668 1914 Haec

129 1946 356 1987 Cleanthes
376 1946 420 1986 in
440 1946 640 2000 spiritum
661 1945 864 2001 congerit,
887 1959 1016 1999 quem
1036 1950 1351 1999 permeatorem
1371 1946 1667 1988 uniuersitatis
1687 1964 1729 1996 25

128 2019 344 2060 adfirmat.
405 2020 464 2060 Et
483 2034 561 2060 nos
581 2025 728 2060 autem
749 2019 934 2060 sermoni
953 2024 1088 2073 atque
1106 2019 1265 2060 rationi
1284 2019 1477 2074 itemque
1496 2021 1664 2071 uirtuti,

128 2108 202 2148 per
222 2107 332 2148 quae
352 2093 496 2134 omnia
516 2093 716 2134 molitum
735 2093 865 2134 deum
885 2093 1110 2142 ediximus,
1132 2092 1351 2147 propriam
1371 2093 1664 2135 substantiam

127 2167 327 2222 spiritum
355 2167 641 2218 inscribimus,
674 2168 741 2208 cui
772 2173 816 2208 et
845 2181 984 2207 sermo
1013 2167 1117 2207 insit
1146 2167 1449 2221 pronuntianti
1480 2173 1523 2208 et
1553 2169 1664 2209 ratio

127 2241 242 2282 adsit
278 2241 524 2295 disponenti
562 2247 606 2282 et
642 2242 782 2282 uirtus
820 2241 980 2295 praesit
1016 2240 1266 2295 perficienti.
1325 2241 1457 2282 Hunc
1494 2242 1663 2283 ex‘deo

128 2315 345 2369 prolatum
380 2315 608 2355 didicimus
639 2321 682 2356 et
712 2315 953 2369 prolatione
982 2320 1235 2369 generatum
1267 2319 1311 2355 et
1339 2314 1496 2356 idcirco
1526 2315 1661 2356 filium
1683 2331 1728 2364 30

127 2388 195 2428 dei
234 2394 277 2429 et
314 2388 442 2428 deum
481 2389 646 2429 dictum
685 2403 736 2429 ex
774 2389 944 2430 unitate
981 2388 1265 2429 substantiae.
1326 2388 1439 2429 Nam
1477 2394 1521 2429 et
1557 2389 1663 2431 deus

127 2462 315 2515 spiritus.
376 2462 435 2502 Et
460 2476 558 2502 cum
584 2462 730 2503 radius
757 2477 809 2502 ex
835 2462 922 2503 sole
948 2462 1192 2516 porrigitur,
1220 2462 1362 2516 portio
1389 2476 1441 2502 ex
1467 2477 1659 2513 summa;

127 2535 201 2575 sed
230 2535 291 2575 sol
323 2535 403 2575 erit
431 2536 475 2575 in
504 2536 638 2586 radio,
671 2536 773 2590 quia
802 2536 902 2576 solis
932 2541 997 2577 est
1025 2536 1171 2576 radius
1200 2550 1278 2576 nec
1307 2541 1533 2590 separatur
1561 2537 1659 2578 sub-

126 2609 288 2648 stantia
315 2609 389 2649 sed
415 2609 677 2651 extenditur.
738 2610 809 2651 Ita
836 2610 889 2650 de
915 2610 1070 2664 spiritu
1096 2610 1272 2664 spiritus
1300 2615 1343 2650 et
1369 2610 1421 2650 de
1448 2609 1527 2650 deo
1554 2610 1661 2651 deus

126 2687 177 2721 ut
210 2681 356 2722 lumen
392 2682 445 2722 de
479 2683 641 2723 lumine
676 2697 917 2724 accensum.
977 2683 1127 2724 Manet
1160 2683 1328 2738 integra
1365 2688 1409 2724 et
1442 2682 1659 2725 indefecta
1678 2701 1722 2734 35

126 2754 332 2795 materiae
357 2756 529 2806 matrix,
557 2757 636 2797 etsi
661 2757 803 2811 plures
826 2757 927 2798 inde
951 2757 1153 2798 traduces
1176 2757 1401 2812 qualitatis
1425 2758 1657 2799 mutueris:
