1827 3004
153 92 203 130 56
718 83 1115 125 TERTVLLIANI

152 208 383 257 serpentes,
411 207 454 242 et
478 201 627 254 planta
652 199 719 239 uel
744 204 863 252 tergo
889 197 1011 237 alites
1036 196 1137 236 deos
1162 200 1427 249 receperunt.
1488 194 1609 234 Haec
1633 207 1685 233 ex

152 282 407 331 abundanti,
433 296 485 320 ne
508 279 611 333 quid
634 278 817 318 rumoris
838 277 1181 330 inrepercussum
1204 275 1326 329 quasi
1349 275 1402 315 de
1425 274 1686 314 conscientia

152 362 514 416 praeterissemus.
576 359 694 407 Quae
714 357 858 398 omnia
877 355 1071 395 conuersi
1090 355 1176 395 iam
1195 354 1251 395 ad
1271 354 1687 395 demonstrationem

152 441 365 495 religionis
386 444 558 480 nostrae
578 436 920 491 repurgauimus.

241 574 312 614 17.
373 573 497 622 Quod
523 572 713 621 colimus,
742 571 846 611 deus
872 584 984 610 unus
1010 577 1086 619 est,
1115 569 1188 623 qui
1213 574 1355 609 totam
1380 568 1536 609 molem
1560 568 1691 608 istam
1709 579 1729 610 5

159 669 256 695 cuni
303 653 419 693 omni
464 653 753 692 instrumento
801 651 1123 699 elementorum,
1173 663 1413 703 corporum,
1462 648 1693 702 spirituum

160 734 290 775 uerbo
327 748 412 787 quo
448 733 583 782 iussit,
622 732 789 772 ratione
825 746 910 785 qua
948 730 1173 784 disposuit,
1212 729 1376 770 uirtute
1412 743 1498 783 qua
1534 728 1691 782 potuit,

161 815 212 854 de
246 813 377 853 nihilo
411 812 632 866 expressit,
666 811 711 851 in
743 815 1048 851 ornamentum
1081 809 1321 849 maiestatis
1354 822 1468 858 suae,
1504 807 1619 848 unde
1652 811 1696 847 et

162 892 311 933 Graeci
350 905 506 931 nomen
544 890 707 930 mundo
747 887 912 940 κόσμον
950 888 1402 929 accommodauerunt.
1463 885 1697 927 Inuisibilis

162 977 238 1021 est,
267 972 345 1012 etsi
370 971 592 1019 uideatur3
634 968 1087 1023 incomprehensibilis,
1116 968 1195 1008 etsi
1220 982 1295 1022 per
1319 967 1503 1022 gratiam
1528 980 1693 1021 reprae-
1719 979 1762 1002 10

162 1057 378 1100 sentetur3
439 1049 778 1099 inaestimabilis,
825 1048 905 1089 etsi
949 1048 1149 1088 humanis
1192 1047 1387 1088 sensibus
1431 1047 1696 1087 aestimetur.

165 1132 268 1171 Ideo
300 1145 426 1171 uerus
458 1136 501 1171 et
532 1136 683 1171 tantus
715 1135 791 1170 est.
852 1129 1052 1170 Ceterum
1084 1128 1201 1182 quod
1231 1128 1367 1168 uideri
1399 1126 1697 1175 communiter,

166 1212 282 1266 quod
310 1211 627 1266 comprehendi,
657 1211 774 1265 quod
802 1210 1021 1250 aestimari
1048 1214 1206 1263 potest,
1236 1209 1378 1249 minus
1406 1213 1471 1248 est
1498 1212 1542 1248 et
1568 1207 1701 1248 oculis

168 1293 324 1346 quibus
345 1297 594 1346 occupatur,
619 1297 662 1332 et
684 1290 885 1332 manibus
906 1290 1062 1344 quibus
1084 1289 1419 1338 contaminatur,
1444 1293 1488 1329 et
1507 1287 1702 1328 sensibus

168 1371 324 1425 quibus
343 1371 583 1411 inuenitur:
623 1370 740 1424 quod
759 1384 861 1410 uero
881 1370 1125 1410 inmensum
1147 1374 1223 1418 est,
1247 1368 1324 1409 soli
1345 1367 1425 1408 sibi
1445 1372 1600 1408 notum
1622 1372 1698 1407 est.
1724 1382 1765 1415 15

168 1451 263 1491 Hoc
290 1451 406 1505 quod
432 1456 508 1500 est,
537 1451 666 1491 deum
692 1449 911 1491 aestimari
936 1449 1053 1498 facit,
1083 1449 1187 1489 dum
1213 1447 1433 1488 aestimari
1457 1461 1545 1487 non
1571 1446 1701 1501 capit.

169 1532 239 1572 Ita
258 1546 355 1572 eum
372 1531 437 1571 uis
455 1531 765 1586 magnitudinis
783 1536 827 1571 et
843 1535 997 1570 notum
1016 1529 1261 1570 hominibus
1279 1528 1412 1569 obicit
1430 1533 1473 1568 et
1490 1527 1702 1582 ignotum.

106 1638 109 1641 -
170 1612 229 1652 Et
255 1612 358 1652 haec
385 1616 450 1652 est
474 1626 643 1652 summa
670 1611 814 1652 delicti
840 1610 1081 1651 nolentium
1106 1623 1406 1664 recognoscere
1431 1622 1561 1662 quem
1586 1607 1702 1662 igno-

169 1706 261 1732 rare
296 1706 383 1732 non
418 1697 612 1746 possunt.
672 1691 814 1731 Vultis
851 1705 902 1731 ex
937 1689 1138 1744 operibus
1171 1689 1305 1744 ipsius
1340 1693 1409 1729 tot
1443 1702 1493 1728 ac
1530 1687 1703 1736 talibus,

171 1772 328 1826 quibus
371 1772 653 1821 continemur,
700 1771 857 1825 quibus
900 1771 1174 1819 sustinemur,
1222 1769 1381 1824 quibus,
1423 1768 1704 1816 oblectamur,
1726 1779 1771 1801 20

171 1852 302 1892 etiam
335 1851 492 1905 quibus
525 1857 801 1901 exterremur,
837 1851 970 1892 uultis
1004 1865 1056 1891 ex
1089 1851 1259 1890 animae
1290 1849 1425 1903 ipsius
1457 1847 1706 1889 testimonio

171 1931 510 1985 conprobemus?
574 1931 693 1980 Quae
732 1932 832 1972 licet
872 1945 1038 1971 carcere
1079 1930 1267 1985 corporis
1306 1943 1464 1983 pressa,
1506 1928 1606 1969 licet
1644 1928 1706 1969 in-

171 2011 471 2051 stitutionibus
515 2012 660 2065 prauis
704 2011 1039 2065 circumscripta,
1086 2011 1186 2051 licet
1227 2009 1479 2050 libidinibus
1523 2013 1566 2049 et
1609 2022 1706 2048 con-

172 2091 444 2144 cupiscentiis
474 2091 708 2145 euigorata,
739 2092 839 2132 licet
866 2092 984 2132 falsis
1013 2091 1102 2131 deis
1130 2090 1401 2139 exancillata,
1433 2103 1531 2129 cum
1560 2093 1707 2128 tamen

172 2171 393 2224 resipiscit,
421 2176 471 2211 ut
496 2185 547 2211 ex
572 2172 759 2225 crapula,
788 2177 837 2212 ut
862 2186 913 2211 ex
939 2186 1102 2220 somno,
1130 2176 1180 2211 ut
1206 2184 1257 2210 ex
1282 2170 1427 2223 aliqua
1452 2167 1705 2216 ualitudine,
1728 2183 1770 2214 25

174 2256 215 2291 et
257 2251 489 2291 sanitatem
530 2266 653 2291 suam
694 2252 872 2305 patitur,
916 2251 1045 2292 deum
1086 2251 1296 2299 nominat,
1340 2249 1419 2289 hoc
1460 2248 1562 2296 solo,
1606 2247 1707 2301 quia

175 2334 342 2386 proprie
366 2347 492 2373 uerus
517 2334 582 2373 hic
608 2349 730 2374 unus.
791 2334 908 2374 Deus
933 2334 1072 2374 bonus
1097 2339 1140 2374 et
1164 2346 1358 2387 magnUS,
1386 2336 1429 2371 et
1454 2329 1579 2379 Quod
1603 2328 1708 2369 deus

175 2414 341 2454 dederit
372 2414 565 2454 omnium
597 2429 683 2455 uox
717 2420 793 2455 est.
854 2415 1047 2455 Iudicem
1081 2427 1254 2468 quoque
1286 2415 1557 2452 contestatur
1587 2409 1709 2449 illum

176 2494 292 2533 Deus
318 2493 449 2541 uidet,
478 2499 521 2533 et
546 2494 637 2534 Deo
664 2494 932 2542 commendo,
961 2499 1004 2534 et
1029 2494 1146 2533 Deus
1172 2492 1276 2532 mihi
1301 2491 1465 2531 reddet.
1528 2489 1563 2529 Ο
1589 2488 1708 2529 testi-

178 2573 367 2612 monium
389 2573 557 2613 animae
578 2574 835 2614 naturaliter
856 2574 1144 2614 Christianae!
1205 2572 1403 2625 Denique
1423 2569 1710 2625 pronuntians
1728 2586 1774 2617 30

1819 2618 1826 2634 ἱ

178 2652 280 2690 haec
308 2666 393 2691 non
421 2651 476 2691 ad
504 2651 777 2705 Capitolium,
808 2652 882 2692 sed
910 2652 965 2692 ad
993 2652 1159 2692 caelum
1186 2651 1372 2705 respicit.
1433 2649 1569 2689 Nouit
1596 2648 1710 2689 enim

176 2731 320 2770 sedem
343 2731 410 2770 dei
434 2731 521 2771 uiui
545 2731 598 2772 ab
621 2732 705 2781 illo,
732 2738 774 2772 et
796 2732 895 2772 inde
917 2732 1152 2772 descendit.
