1827 3004
211 58 288 96 144
758 100 762 104 ,
777 55 1176 95 TERTVLLIANI

209 179 253 215 et
299 174 344 214 in
393 174 651 228 captiuitate
699 173 931 213 uictorem!
991 172 1288 222 Anaxarchus,
1340 187 1439 214 cum
1486 174 1530 215 in
1580 176 1745 217 exitum

208 254 375 294 tisanae
405 253 490 307 pilo
522 252 883 293 contunderetur:
932 251 1095 300 frunda,
1128 252 1276 302 tunde,
1309 253 1466 303 aiebat,
1499 254 1745 296 Anaxarchi

207 331 365 381 follem,
401 331 710 372 Anaxarchum
744 331 857 371 enim
890 345 979 371 non
1012 331 1182 372 tundis:
1234 346 1258 372 ο
1292 333 1537 388 philosophi
1570 349 1743 389 magna-

207 412 467 459 nimitatem,
492 411 565 464 qui
587 411 640 451 de
664 410 741 451 tali
767 410 887 451 exitu
912 425 988 451 suo
1018 411 1150 452 etiam
1174 412 1422 454 iocabatur!
1486 413 1652 455 Omitto
1675 430 1745 455 eos

209 491 282 545 qui
308 505 405 531 cum
429 490 573 545 gladio
598 490 772 544 proprio
797 489 865 530 uel
891 490 973 530 alio
999 505 1152 545 genere
1177 492 1329 532 mortis
1353 493 1523 533 mitiore
1545 493 1597 533 de
1618 494 1744 534 laude

205 572 474 626 pepigerunt.
535 570 646 610 Ecce
671 570 785 610 enim
811 575 854 611 et
878 575 1195 611 tormentorum
1221 572 1458 612 certamina
1484 579 1746 614 coronantur

207 666 232 692 a
278 651 414 692 uobis.
475 650 623 691 Attica
669 651 873 691 meretrix
920 651 1117 691 carnifice
1162 652 1249 692 iam
1295 652 1480 707 fatigato
1526 659 1744 707 postremo

206 728 398 783 linguam
429 741 552 768 suam
583 741 799 768 comesam
828 727 873 768 in
904 727 1058 768 faciem
1089 729 1264 782 tyranni
1295 730 1527 771 saeuientis
1558 732 1742 785 exspuit,

207 811 258 846 ut
283 810 511 860 exspueret
537 810 580 845 et
604 819 768 854 uocem,
796 819 850 845 ne
876 805 1122 846 coniuratos
1148 806 1341 847 confiteri
1367 812 1524 861 posset,
1553 808 1587 848 si
1613 809 1743 849 etiam

207 883 324 923 uicta
352 882 572 923 uoluisset.
633 882 747 922 Zeno
776 882 949 922 Eleates
978 882 1200 923 consultus
1229 897 1254 923 a
1281 883 1504 938 Dionysio,
1536 885 1743 939 quidnam

207 960 478 1014 philosophia
495 964 748 1014 praestaret,
766 973 864 1000 cum
878 960 1169 1014 respondisset
1183 965 1484 1015 contemptum
1502 962 1665 1012 mortis,
1680 963 1743 1003 in-

207 1037 420 1091 passibilis
444 1036 621 1091 flagellis
641 1036 817 1090 tyranni
839 1036 1033 1078 obiectus
1054 1038 1316 1091 sententiam
1337 1052 1460 1078 suam
1483 1039 1538 1079 ad
1559 1045 1743 1080 mortem

208 1128 344 1168 usque
383 1114 596 1168 signabat.
672 1114 795 1155 Certe
835 1114 1056 1154 Laconum
1096 1114 1263 1169 flagella
1303 1115 1382 1155 sub
1430 1115 1563 1156 oculis
1611 1117 1742 1156 etiam

207 1191 478 1231 hortantium
494 1191 837 1245 propinquorum
854 1191 1057 1232 acerbata
1074 1196 1249 1232 tantum
1266 1191 1472 1232 honorem
1489 1192 1744 1234 tolerantiae

207 1267 355 1308 domui
404 1267 633 1308 conferunt
682 1272 898 1321 quantum
947 1268 1165 1323 sanguinis
1214 1268 1418 1309 fuderint.
1481 1269 1515 1310 O
1565 1270 1743 1324 gloriam

206 1346 383 1395 licitam,
431 1347 533 1400 quia
578 1346 828 1396 humanam,
877 1347 944 1387 cuj
988 1361 1066 1387 nec
1112 1348 1407 1402 praesumptio
1452 1349 1622 1402 perdita
1666 1364 1745 1390 nec

206 1423 425 1477 persuasio
456 1423 684 1478 desperata
714 1429 944 1478 reputatur
973 1424 1018 1465 in
1049 1430 1305 1479 contemptu
1334 1426 1486 1466 mortis
1517 1431 1561 1467 et
1591 1427 1743 1467 atroci-

206 1500 312 1541 tatis
351 1501 638 1550 omnimodae,
681 1501 747 1541 cui
787 1506 963 1542 tantum
1003 1515 1079 1555 pro
1119 1502 1274 1556 patria,
1316 1517 1393 1556 pro
1432 1503 1624 1557 imperio,
1666 1518 1743 1558 pro

206 1578 397 1618 amicitia
426 1578 519 1632 pati
548 1578 804 1632 permissum
834 1584 900 1619 est
928 1584 1143 1633 quantum
1172 1594 1249 1634 pro
1279 1580 1358 1621 deo
1387 1595 1474 1621 non
1502 1581 1624 1622 licet!
1685 1582 1744 1622 Et

206 1660 355 1696 tamen
371 1656 453 1696 illis
471 1655 672 1697 omnibus
691 1661 735 1696 et
751 1661 922 1696 statuas
940 1656 1189 1706 defunditis,
1211 1662 1255 1698 et
1271 1657 1479 1712 imagines
1495 1657 1740 1708 inscribitis,

207 1737 251 1773 et
277 1732 428 1773 titulos
454 1733 644 1774 inciditis
669 1733 714 1773 in
741 1733 1059 1774 aeternitatem.
1121 1733 1344 1782 Quantum
1371 1734 1424 1774 de
1450 1736 1743 1776 monumentis

206 1809 389 1863 potestis
415 1810 588 1860 scilicet,
616 1810 848 1864 praestatis
875 1815 919 1851 et
942 1811 1024 1865 ipsi
1051 1811 1373 1864 quodammodo
1400 1813 1583 1853 mortuis
1607 1827 1741 1853 resur-

205 1886 453 1927 rectionem.
513 1887 640 1927 Hanc
665 1887 738 1941 qui
763 1902 910 1928 ueram
934 1902 959 1928 a
983 1888 1062 1928 deo
1087 1894 1245 1942 sperat,
1271 1889 1305 1930 si
1329 1904 1405 1943 pro
1430 1889 1510 1930 deo
1533 1890 1741 1944 patiatur,

205 1963 383 2004 insanus
402 1969 479 2005 est.
540 1964 623 2005 Sed
641 1964 721 2005 hoc
740 1965 867 2019 agite,
887 1964 989 2005 boni
1006 1965 1236 2019 praesides,
1256 1966 1451 2007 meliores
1469 1967 1606 2008 multo
1626 1967 1742 2021 apud

206 2041 415 2094 populum
447 2041 481 2081 si
511 2041 592 2082 illis
624 2041 889 2082 Christianos
918 2042 1259 2092 immolaueritis,
1293 2043 1494 2093 cruciate,
1527 2048 1739 2098 torquete,

207 2116 425 2167 damnate,
457 2119 633 2159 atterite
660 2133 760 2159 nos:
805 2119 1006 2173 probatio
1036 2125 1100 2160 est
1129 2119 1242 2160 enim
1269 2120 1541 2160 innocentiae
1569 2126 1742 2161 nostrae

204 2192 412 2247 iniquitas
444 2201 602 2236 uestra.
663 2196 767 2237 Ideo
800 2211 878 2237 nos
911 2196 1016 2236 haec
1048 2197 1141 2250 pati
1175 2197 1279 2237 deus
1312 2198 1491 2251 patitur.
1551 2198 1664 2238 Nam
1699 2204 1742 2238 et

205 2271 400 2323 proxime
430 2272 486 2312 ad
516 2272 714 2313 lenonem
745 2273 994 2314 damnando
1027 2273 1315 2315 Christianam
1346 2275 1491 2329 potius
1523 2290 1654 2329 quam
1686 2275 1741 2315 ad

205 2346 372 2387 leonem
409 2349 590 2389 confessi
629 2350 730 2391 estis
766 2350 909 2391 labem
946 2350 1180 2405 pudicitiae
1217 2351 1334 2405 apud
1371 2366 1448 2392 nos
1486 2352 1740 2392 atrociorem

206 2421 322 2461 omni
358 2436 497 2475 poena
533 2428 576 2463 et
610 2424 727 2464 omni
762 2430 901 2465 morte
935 2425 1139 2478 reputari.
1200 2425 1290 2465 Nec
1325 2426 1558 2479 quicquam
1593 2431 1741 2466 tamen

205 2493 376 2546 proficit
413 2496 665 2549 exquisitior
702 2511 899 2551 quaeque
937 2498 1167 2538 crudelitas
1204 2504 1371 2546 uestra;
1424 2499 1638 2539 inlecebra
1677 2504 1741 2539 est

206 2570 342 2623 magis
383 2577 537 2612 sectae.
598 2572 746 2613 Plures
789 2574 996 2614 efficimur
1038 2575 1238 2628 quotiens
1279 2576 1483 2616 metimur
1525 2590 1549 2615 a
1592 2575 1736 2624 uobis3

206 2658 351 2686 semen
378 2653 442 2687 est
467 2649 640 2702 sanguis
665 2649 1018 2692 Christianorum.
1079 2651 1205 2692 Multi
1231 2653 1347 2706 apud
1373 2667 1450 2693 uos
1475 2653 1530 2693 ad
1555 2653 1741 2693 toleran-

1767 507 1790 537 5.

1768 901 1813 922 10

1766 1286 1809 1317 15

1761 2439 1808 2469 30
