1827 3004
126 134 178 172 42
695 125 1093 168 TERTVLLIANI

123 244 298 298 indigne
350 257 426 283 nec
478 241 654 296 prodige
705 245 880 281 tantum
932 238 1172 293 praemium
1224 237 1495 292 dispensarit.
1555 236 1667 276 Volo·

125 313 257 366 igitur
290 312 443 351 merita
477 323 706 357 recensere,
743 323 798 348 an
832 307 1041 348 eiusmodi
1075 307 1175 356 sint,
1211 312 1262 347 ut
1294 306 1388 346 illos
1420 306 1464 346 in
1499 304 1663 345 caelum

127 380 361 421 extulerint
394 384 437 420 et
469 393 555 419 11011
588 378 733 432 potius
766 377 810 417 in
842 377 979 416 imum
1012 380 1228 416 tartarum
1262 374 1499 423 merserint,
1536 387 1663 428 quem

127 463 338 489 carcerem
372 461 610 502 poenarum
642 446 909 486 infernarum
943 458 1042 484 cum
1076 443 1208 484 uultis
1243 443 1496 484 adfirmatis.
1557 442 1664 482 Illuc

127 518 240 557 enim
277 516 474 557 abstrudi
510 515 650 555 solent
684 513 806 568 impii
843 513 1003 567 quique
1038 512 1082 553 in
1118 517 1320 566 parentes
1357 516 1400 552 et
1434 511 1586 551 incesti
1621 510 1665 550 in
1687 526 1707 555 5

127 599 291 626 sorores
312 590 355 625 et
374 584 629 624 maritarum
651 582 836 623 adulteri
856 587 901 622 et
919 581 1136 636 uirginum
1156 586 1351 635 raptores
1372 585 1416 620 et
1434 593 1665 634 puerorum

128 654 494 695 contaminatores
519 658 562 693 et
586 652 659 705 qui
683 651 885 691 saeuiunt
909 655 953 691 et
976 650 1049 704 qui
1073 650 1278 690 occidunt
1301 654 1346 690 et
1369 649 1442 702 qui
1466 648 1667 688 furantur

128 728 172 763 et
200 723 272 776 qui
301 722 523 775 decipiunt
551 726 596 761 et
623 720 871 775 quicunque
898 719 1056 759 similes
1084 723 1187 759 sunt
1215 718 1394 758 alicuius
1423 717 1490 757 dei
1518 716 1664 763 uestri,

128 810 257 850 quem
281 795 497 836 neminem
520 795 737 848 integrum
762 808 787 834 a
812 793 988 833 crimine
1012 798 1090 833 aut
1113 793 1221 833 uitio
1247 791 1429 846 probare
1453 790 1664 845 poterit-is,

127 870 206 910 nisi
236 869 453 909 hominem
480 868 752 923 negaueritis.
816 867 980 921 Atquin
1007 872 1058 908 ut
1082 867 1176 907 illos
1204 866 1398 907 homines
1424 865 1554 906 fuisse
1580 878 1667 904 non
1690 881 1736 902 10

127 944 300 998 possitis
319 957 486 997 negare,
509 943 640 983 etiam
658 942 768 982 istae
786 947 917 982 notae
936 941 1150 982 accedunt
1169 955 1280 995 quae
1298 954 1376 980 nec
1395 940 1497 980 deos
1516 944 1667 993 postea

128 1017 267 1058 factos
297 1017 410 1057 credi
440 1016 715 1070 permittunt.
777 1015 819 1056 Si
849 1015 963 1055 enim
993 1029 1071 1055 uos
1100 1014 1261 1055 talibus
1290 1013 1518 1068 puniendis
1548 1026 1667 1066 prae-

128 1091 289 1140 sidetis,
332 1091 365 1131 si
412 1090 715 1138 conmercium,
760 1089 1035 1143 colloquium,
1079 1088 1328 1128 conuictum
1372 1087 1585 1127 malorum
1626 1091 1670 1126 et

128 1165 322 1219 turpium
354 1164 476 1219 probi
508 1164 668 1218 quique
698 1163 913 1217 respuitis,
947 1163 1101 1203 horum
1132 1168 1280 1202 autem
1311 1175 1435 1216 pares
1466 1160 1571 1201 deus
1600 1159 1670 1200 ille

128 1239 369 1279 maiestatis
393 1253 495 1278 suae
520 1239 735 1279 consortio
762 1238 959 1287 adsciuit,
987 1237 1092 1291 quid
1117 1251 1215 1291 ergo
1240 1236 1461 1277 damnatis
1486 1249 1670 1289 quorum
1694 1252 1737 1283 15

128 1312 310 1367 collegas
355 1312 573 1353 adoratis?
636 1311 888 1367 Suggillatio
936 1316 1001 1352 est
1044 1311 1089 1351 in
1135 1310 1251 1351 caelo
1297 1315 1443 1350 uestra
1486 1308 1668 1349 iustitia.

128 1386 243 1427 Deos
271 1387 401 1427 facite
430 1386 801 1427 criminosissimos
830 1400 1037 1440 quosque,
1068 1390 1119 1426 ut
1146 1384 1354 1439 placeatis
1382 1383 1473 1424 deis
1500 1382 1668 1423 uestris.

129 1460 307 1501 Illorum
340 1465 405 1501 est
435 1461 571 1501 honor
602 1460 867 1501 consecratio
899 1459 1211 1513 coaequalium.
1273 1458 1356 1499 Sed
1386 1462 1438 1498 ut
1468 1457 1671 1497 omittam

130 1535 257 1576 huius
284 1535 558 1589 indignitatis
587 1540 888 1583 retractatum,
914 1533 1037 1588 probi
1062 1538 1105 1574 et
1125 1533 1281 1587 integri
1305 1537 1349 1573 et
1370 1532 1472 1572 boni
1495 1530 1670 1571 fuerint.

130 1607 247 1658 Quot
268 1613 424 1650 tamen
438 1609 628 1663 potiores
650 1609 765 1649 uiros
786 1607 904 1661 apud
925 1607 1085 1648 inferos
1112 1605 1367 1661 reliquistis!
1408 1605 1597 1659 aliquem
1619 1603 1672 1644 de
1694 1623 1740 1644 20

131 1683 344 1736 sapientia
372 1683 606 1732 Socratem,
636 1683 689 1723 de
714 1682 882 1723 iustitia
910 1681 1142 1730 Aristiden,
1172 1680 1225 1721 de
1251 1680 1405 1720 militia
1433 1678 1671 1719 Themisto-

132 1756 252 1805 clem,
283 1757 336 1797 de
363 1757 633 1797 sublimitate
661 1756 970 1805 Alexandrum,
1002 1755 1054 1796 de
1082 1755 1290 1795 felicitate
1318 1754 1589 1807 Polycraten,
1620 1751 1674 1791 de

132 1832 255 1884 copia
281 1831 497 1881 Croesum,
524 1831 577 1871 de
603 1831 848 1885 eloquentia
873 1830 1211 1870 Demosthenen.
1274 1828 1377 1877 Quis
1401 1842 1454 1868 ex
1477 1827 1560 1868 illis
1584 1826 1674 1866 deis

133 1905 288 1945 uestris
301 1905 472 1960 grauior
487 1910 529 1945 et
543 1905 779 1958 sapientior
793 1904 969 1954 Catone,
980 1904 1133 1944 iustior
1148 1908 1191 1944 et
1204 1902 1430 1943 militarior
1444 1901 1666 1955 Scipione?

134 1979 229 2033 quis
264 1979 487 2020 sublimior
522 1979 741 2032 Pompeio,
780 1978 941 2019 felicior
976 1977 1106 2031 Sylla,
1144 1976 1354 2031 copiosior
1389 1975 1553 2024 Crasso,
1592 1974 1672 2014 elo·
1697 1992 1740 2023 25

134 2054 334 2107 quentior
368 2053 532 2094 Tulli-0?
597 2053 770 2102 Quanto
805 2052 975 2107 dignius
1007 2052 1114 2105 istos
1147 2051 1250 2092 deos
1282 2050 1351 2091 ille
1384 2048 1675 2090 adsumendos

133 2132 418 2181 expectasset,
454 2127 672 2181 praescius
706 2127 859 2181 utique
892 2126 1139 2180 potiorum?
1201 2124 1470 2178 Properauit,
1508 2122 1672 2177 opinor,

135 2206 179 2241 et
205 2202 369 2242 caelum
395 2201 525 2241 semel
550 2201 689 2249 clusit,
718 2206 761 2241 et
786 2215 901 2241 nunc
925 2200 1078 2254 utique
1102 2198 1350 2239 melioribus
1375 2197 1492 2252 apud
1516 2197 1676 2237 inferos

135 2275 448 2316 musitantibus
469 2275 694 2315 erubescit.

220 2405 292 2447 12.
353 2405 478 2445 Cesso
508 2405 595 2445 iam
626 2405 679 2445 de
708 2405 805 2455 istc,
838 2410 889 2446 ut
919 2405 992 2459 qui
1023 2405 1155 2445 sciam
1186 2419 1254 2444 me
1285 2419 1337 2444 ex
1366 2404 1459 2458 ipsa
1490 2401 1674 2444 ueritate
1695 2414 1741 2446 30

136 2479 536 2519 demonstraturum
581 2479 686 2533 quid
730 2494 817 2519 non
861 2479 961 2529 sint,
1008 2493 1107 2520 cum
1152 2478 1379 2520 ostendero
1425 2477 1529 2531 quid
1573 2477 1672 2518 sint.

139 2552 362 2600 Quantum
403 2552 534 2606 igitur
577 2553 629 2592 de
672 2553 762 2593 deis
804 2553 971 2602 uestris,
1016 2553 1193 2594 nomina
1234 2552 1505 2593 solummodo
1548 2552 1674 2593 uideo

137 2626 410 2679 quorundam
440 2632 637 2666 ueterum
667 2631 938 2667 mortuorum
969 2632 1012 2667 et
1041 2627 1211 2667 fabulas
1241 2626 1369 2666 audio
1401 2630 1444 2665 et
1472 2639 1592 2665 sacra
1623 2625 1675 2665 de

138 2698 295 2739 fabulis
324 2713 602 2753 recognosco:
650 2705 866 2754 quantum
896 2705 1043 2741 autem
1074 2700 1127 2741 de
1156 2699 1394 2741 simulacris
1422 2699 1537 2752 ipsis,
1569 2699 1675 2739 nihil

138 2772 255 2812 aliud
303 2774 567 2826 reprehendo
617 2789 749 2828 quam
798 2775 1003 2815 materias
1051 2789 1215 2815 sorores
1264 2788 1353 2814 esse
1400 2773 1676 2814 uasculorum
1695 2787 1741 2819 35
