1827 3004
172 118 224 156 48
740 111 1068 153 TERTVLLIA
1076 110 1139 150 NI

169 228 325 277 facitis,
355 228 454 268 licet
488 241 575 267 non
607 225 837 266 nobiliores
871 224 939 264 dei
965 229 1146 272 ueteres,
1173 228 1322 263 tamen
1349 221 1657 262 contumeliam
1685 234 1712 259 a

171 308 296 348 uobis
330 306 609 362 deputabunt
642 305 723 345 hoc
762 309 806 344 et
838 303 932 344 aliis
969 303 1138 343 licuisse
1177 302 1294 356 quod
1332 301 1432 342 solis
1470 300 1713 354 antiquitas

172 389 370 429 contulit.

254 516 326 556 14.
386 515 492 555 Volo
522 520 565 555 et
591 514 701 554 ritus
726 517 895 553 uestros
922 525 1160 552 recensere:
1205 525 1292 552 non
1320 511 1414 551 dico
1443 510 1590 564 quales
1618 510 1711 550 sitis

170 597 214 637 in
248 595 541 644 sacrificando,
579 608 677 634 oum
712 597 862 633 enecta
897 597 941 633 et
974 591 1175 632 tabidosa
1210 597 1254 632 et
1285 591 1480 632 scabiosa
1515 604 1711 644 quaeque

171 676 387 725 mactatis,
438 689 536 715 cum
583 674 636 714 de
683 673 838 728 opimis
886 677 930 713 et
974 672 1152 726 integris
1199 685 1468 726 superuacua
1515 685 1712 725 quaeque

170 756 396 805 truncatis,
433 754 624 809 capitula
659 759 702 795 et
735 753 931 808 ungulas,
967 767 1079 807 quae
1112 753 1229 793 domi
1263 765 1436 806 quoque
1468 752 1611 806 pueris
1644 751 1712 791 uel

172 837 351 878 canibus
390 835 700 883 destinassetis,
743 848 841 874 cum
882 833 935 874 de
975 833 1142 873 decima
1181 832 1380 873 Herculis
1418 846 1497 872 nec
1537 832 1712 872 tertiam

172 921 343 971 partem
363 916 407 956 in
429 929 549 956 aram
572 914 662 954 eius
682 913 890 968 inponitis
914 912 1119 965 (laudabo
1142 913 1278 967 magis
1299 912 1571 966 sapientiam,
1597 911 1713 965 quod

171 998 225 1037 de
255 996 425 1051 perdito
457 995 620 1049 aliquid
651 994 846 1048 eripitis),
879 993 955 1034 sed
985 1007 1217 1034 conuersus
1247 993 1304 1033 ad
1333 993 1502 1033 litteras
1531 997 1711 1040 uestras,

173 1076 330 1131 quibus
358 1074 652 1116 informamini
681 1074 738 1114 ad
765 1073 1044 1128 prudentiam
1072 1078 1117 1114 et
1143 1073 1336 1115 liberalia
1364 1072 1516 1122 officia,
1548 1076 1714 1126 quanta

172 1157 345 1198 inuenio
370 1155 578 1197 ludibria!
621 1155 724 1195 deos
746 1155 860 1195 inter
883 1168 927 1194 se
951 1159 1129 1208 propter
1154 1154 1360 1194 Troianos
1384 1158 1429 1194 et
1452 1152 1641 1193 Achiuos
1665 1158 1715 1192 ut

172 1237 463 1292 gladiatorum
502 1236 623 1290 paria
663 1249 910 1290 congressos
950 1234 1232 1289 depugnasse,
1274 1234 1485 1274 Venerem
1525 1233 1713 1273 humana

173 1319 334 1373 sagitta
356 1318 610 1367 sauciatam,
636 1317 753 1371 quod
774 1316 911 1357 filium
932 1330 1059 1357 suum
1081 1316 1258 1356 Aenean
1279 1328 1415 1369 paene
1436 1314 1714 1355 interfectum

174 1397 229 1438 ab
262 1397 412 1438 eodem
443 1396 654 1437 Diomede
684 1410 834 1450 rapere
864 1395 1007 1445 uellet,
1042 1395 1227 1436 Martem
1258 1394 1465 1435 tredecim
1496 1393 1715 1434 mensibus

173 1483 218 1523 in
238 1483 421 1523 uinculis
441 1496 578 1536 paene
599 1486 921 1535 consumptum,
944 1481 1108 1530 Iouem,
1130 1495 1184 1521 ne
1206 1480 1387 1521 eandem
1407 1480 1497 1520 uim
1518 1494 1543 1520 a
1564 1480 1715 1520 ceteris

175 1567 400 1608 caelitibus
435 1567 712 1622 experiretur,
749 1581 879 1621 opera
914 1566 1139 1607 cuiusdam
1173 1566 1356 1606 monstri
1389 1565 1634 1614 liberatum,
1672 1570 1716 1605 et

174 1667 290 1695 nunc
334 1652 510 1693 flentem
555 1652 815 1707 Sarpedonis
859 1666 1020 1702 casum,
1067 1665 1182 1692 nunc
1226 1651 1351 1692 foede
1394 1650 1627 1691 subantem
1671 1650 1715 1691 in

176 1752 365 1779 sororem
404 1738 483 1779 sub
520 1738 930 1779 commemoratione
963 1752 1051 1779 non
1082 1737 1145 1778 ita
1175 1737 1430 1777 dilectarum
1458 1735 1714 1790 iampridem

176 1823 427 1864 amicarum.
487 1823 657 1864 Exinde
695 1823 790 1877 quis
827 1837 915 1863 non
953 1827 1082 1877 poeta
1121 1836 1173 1862 ex
1211 1822 1473 1862 auctoritate
1511 1821 1715 1875 principis

176 1909 241 1950 sui
280 1909 561 1950 dedecorator
597 1909 819 1950 inuenitur
856 1908 1061 1949 deorum?
1123 1908 1207 1948 Hic
1245 1907 1489 1961 Apollinem
1527 1906 1714 1946 Admeto

176 1995 263 2049 regi
286 1994 511 2047 pascendis
532 1994 759 2048 pecoribus
781 1993 957 2043 addicit,
981 1994 1050 2034 ille
1072 1993 1267 2047 Neptuni
1289 1992 1542 2033 structorias
1564 2005 1715 2045 operas

176 2079 463 2120 Laomedonti
491 2079 619 2120 locat.
680 2079 761 2120 Est
789 2085 834 2120 et
860 2080 930 2120 ille
959 2079 1013 2120 de
1040 2079 1184 2133 lyricis
1214 2078 1468 2131 (Pindarum
1498 2078 1610 2129 dico)
1641 2077 1714 2131 qui

178 2165 480 2218 Aescolapium
509 2164 627 2205 canit
655 2165 865 2206 auaritiae
894 2165 1061 2214 merito,
1093 2164 1194 2218 quia
1223 2163 1482 2204 medicinam
1511 2168 1716 2203 nocenter

179 2249 418 2299 exercebat,
445 2249 624 2290 fulmine
645 2250 900 2291 iudicatum.
961 2250 1100 2290 Malus
1123 2249 1333 2303 Iuppiter,
1359 2249 1393 2290 si
1417 2248 1580 2289 fulmen
1602 2249 1715 2289 illius

179 2339 257 2383 est,
280 2335 439 2388 impius
459 2335 503 2375 in
525 2340 742 2389 nepotem,
765 2335 940 2376 inuidus
960 2335 1005 2376 in
1027 2334 1250 2376 artificem.
1310 2334 1431 2375 Haec
1452 2348 1591 2388 neque
1613 2348 1715 2374 uera

181 2420 303 2473 prodi
326 2434 464 2474 neque
487 2420 594 2461 falsa
617 2420 802 2475 confingi
824 2420 942 2474 apud
963 2420 1300 2475 religiosissimos
1322 2419 1565 2474 oportebat.
1626 2419 1715 2459 Nec

179 2505 328 2559 tragici
352 2505 527 2558 quidem
547 2510 626 2545 aut
647 2505 797 2546 comici
818 2511 1016 2560 parcunt,
1039 2511 1089 2546 ut
1109 2520 1196 2546 non
1217 2519 1446 2546 aerumnas
1466 2505 1534 2545 uel
1556 2519 1716 2545 errores

181 2589 335 2629 domus
362 2589 541 2629 alicuius
569 2589 636 2630 dei
664 2590 926 2643 praefentur.
988 2590 1125 2630 Taceo
1154 2589 1206 2630 de
1233 2589 1510 2643 philosophis,
1541 2588 1716 2629 Socrate

182 2679 425 2723 contentus,
456 2674 529 2727 qui
556 2674 601 2714 in
630 2675 937 2714 contumeliam
966 2674 1144 2715 deorum
1173 2688 1378 2728 quercum
1408 2679 1451 2714 et
1478 2674 1643 2714 hircum
1674 2679 1717 2714 et

183 2771 333 2797 canem
361 2757 594 2798 dejerabat.
655 2758 738 2799 Sed
765 2764 993 2812 propterea
1021 2759 1255 2799 damnatus
1283 2764 1348 2799 est
1375 2758 1584 2807 Socrates,
1615 2758 1717 2811 quia

1731 602 1754 633 5

1735 1005 1781 1027 10

1737 1409 1780 1440 15

1736 1837 1782 1858 20

1734 2263 1779 2294 25

1736 2687 1782 2718 30
