1827 3004
35 150 39 154 .
108 131 154 172 p.
181 117 282 159 301.
310 118 375 170 14]
594 116 1032 159 APOLOGETICVS
1063 118 1101 166 8,
1137 119 1161 159 9
1573 118 1650 158 195

202 246 281 282 QVI
304 245 402 275 ISTA
424 239 505 274 eet.
566 233 726 274 Minue.
749 236 802 274 :30
824 232 843 289 ἓ
865 236 886 273 1
911 232 1025 274 cited
1048 247 1101 273 on
1123 247 1162 287 p.
1188 234 1268 273 193
1292 232 1315 272 l.
1340 233 1403 273 16.

202 318 242 359 p.
266 305 318 344 28
342 303 368 343 1.
391 305 444 343 24
465 314 590 351 QVOD
613 305 636 342 2
660 318 698 358 p.
719 305 772 343 10
795 304 818 343 l.
838 306 863 343 8
883 303 991 357 qnod
1008 309 1065 344 est
1082 302 1196 350 dicit,
1214 307 1259 343 tn
1279 302 1347 342 uis
1369 301 1520 342 audire
1541 300 1649 355 quod

115 386 195 413 non
217 378 287 414 est.
347 371 404 412 ib.
425 386 463 427 p.
488 373 512 413 6
536 371 559 412 1.
585 373 638 412 13
660 372 944 426 quodcumque
965 371 1159 412 dicimur.
1223 373 1275 412 35
1298 370 1348 411 de
1373 369 1581 411 Romanis
1601 369 1649 409 id

114 446 182 482 est.
245 441 346 481 Am.
370 452 404 481 ΙΙ
428 442 481 481 26
504 440 606 494 quid
628 447 728 481 esset
750 440 863 481 Deus
884 455 1010 481 uerus
1031 441 1120 481 iam
1141 440 1405 482 addiscerent
1425 438 1647 494 suspicari.

201 525 241 565 p.
264 512 317 551 28
340 510 367 551 1.
385 511 437 551 26
456 521 697 550 SVBICITVR
719 510 766 550 of
783 510 855 550 the
878 510 1037 550 cuckoo
1059 509 1236 565 foisting
1256 508 1312 549 its
1334 523 1438 564 eggs
1454 523 1508 549 on
1525 508 1649 549 other
1668 520 1687 551 5

113 578 231 619 birds
274 578 379 620 Plin.
418 590 449 618 X
489 576 508 634 ξ
545 580 598 619 26
637 578 709 619 the
747 578 954 634 fiedgling
991 578 1237 619 afterwards
1278 577 1412 618 called
1448 576 1649 618 subditus.

113 647 184 700 (cf.
215 647 313 689 Inu.
343 650 369 687 4
402 649 516 699 103.)

201 730 238 771 p.
263 718 316 756 28
348 716 374 756 1.
397 718 449 756 28
482 726 651 763 ATQVIN
686 714 846 756 Oehler
876 730 927 756 on
961 716 1049 771 fug.
1081 715 1125 756 in
1157 730 1263 771 pers.
1297 717 1321 757 6
1353 730 1392 770 p.
1425 716 1509 756 473
1542 730 1580 756 n.
1608 715 1647 755 k.

116 784 247 825 Hand
278 785 456 826 Tursell.
488 796 504 824 Ι
537 786 619 825 213
641 799 724 839 seq.

202 868 239 908 p.
264 854 362 894 281.
386 855 437 894 31
472 864 664 894 NESCIAT
697 852 886 894 Saluian.
909 864 957 893 IV
987 851 1006 908 ξ
1035 854 1088 894 69
1121 853 1251 907 ἰ6967η
1281 858 1318 895 et
1348 853 1483 894 deum.
1543 850 1562 907 ξ
1594 852 1647 893 70
1670 867 1712 890 10

109 929 383 977 praeceptum
404 923 578 964 domini.

202 1006 239 1046 p.
264 993 316 1032 28
340 992 365 1032 l.
386 993 440 1032 32
465 1002 785 1032 IVRVLENTIAM
806 1006 923 1032 same
941 1006 977 1032 v.
992 991 1018 1031 l.
1039 990 1084 1031 in
1100 990 1273 1032 Jerome
1291 991 1374 1046 [ep.
1396 993 1476 1032 108
1500 993 1550 1032 31
1575 989 1594 1046 ἓ
1612 993 1647 1031 2.

116 1061 166 1101 A.
183 1060 244 1114 S.]
266 1061 361 1102 adu.
386 1060 523 1102 Iouin.
547 1072 561 1100 Ι
587 1063 652 1101 18.

203 1145 241 1185 p.
265 1131 319 1170 30
342 1130 366 1170 l.
391 1133 411 1170 1
436 1140 742 1170 CANDELABRA
764 1135 843 1170 cet.
905 1129 953 1169 cf.
977 1128 1030 1168 ad
1053 1134 1141 1169 nat.
1163 1139 1179 1168 1
1204 1130 1266 1169 16.

202 1214 241 1254 p.
274 1201 329 1240 30
361 1200 387 1241 l.
420 1201 443 1239 2
473 1210 753 1240 EXTENDANT
785 1198 839 1239 ad
875 1213 992 1239 uxor.
1026 1210 1041 1238 Ι
1074 1200 1098 1238 3
1130 1198 1237 1253 qnod
1268 1198 1307 1239 si
1335 1198 1520 1252 apostolo
1552 1212 1648 1238 cetis-
1671 1214 1712 1247 15

117 1267 334 1317 mittamus,
366 1268 485 1309 obliti
504 1268 797 1322 posteriorum,
828 1267 1102 1308 extendamur
1132 1268 1177 1307 in
1204 1267 1369 1321 priora.
1428 1266 1524 1307 adu.
1557 1266 1648 1307 Val.

119 1338 142 1378 9
165 1351 203 1391 p.
229 1336 308 1377 187
333 1337 355 1377 1.
382 1338 431 1376 17
458 1337 532 1377 Kr.
555 1342 593 1377 et
612 1337 800 1378 uincitur
822 1335 1066 1390 difficultate
1088 1341 1125 1377 et
1146 1335 1383 1376 eoetenditnr
1405 1334 1648 1389 adfectione.

118 1406 228 1461 Aug.
251 1412 399 1446 contra
415 1405 627 1447 Faustum
650 1417 736 1446 ΧΙΠ
763 1408 814 1446 18
831 1406 901 1446 fin.
926 1405 1053 1447 libros
1067 1405 1326 1460 propheticos
1347 1411 1384 1446 et
1406 1405 1652 1459 apostolicos

119 1475 295 1529 leyimus
330 1475 550 1517 alterutris
588 1475 753 1516 uocibus
793 1475 874 1516 sibi
910 1476 1192 1523 concinentes;
1229 1480 1266 1516 et
1301 1489 1350 1515 ea
1383 1475 1652 1523 concinentia,

117 1551 338 1599 tamquam
359 1545 527 1586 caelesti
547 1545 656 1593 tuba,
678 1551 715 1586 et
736 1560 763 1586 a
785 1551 950 1600 torpore
972 1544 1167 1585 mortalis
1188 1545 1302 1586 uitae
1323 1559 1397 1585 nos
1418 1544 1652 1592 emicantes,
1671 1563 1716 1586 20

119 1620 156 1655 et
178 1614 234 1655 ad
250 1614 449 1669 palmam
469 1629 677 1669 supernae
700 1615 931 1656 uocatio'nis
953 1614 1220 1655 eoetendentes.

206 1697 246 1738 p.
269 1684 324 1723 30
346 1682 369 1723 1.
395 1682 417 1722 7
441 1693 692 1723 SVSTINENT
712 1697 744 1723 c.
765 1684 816 1723 25
840 1697 876 1737 p.
897 1684 950 1723 90
974 1682 996 1722 l.
1018 1684 1068 1722 15
1084 1696 1122 1722 n.
1176 1681 1229 1721 ad
1252 1696 1369 1722 uxor.
1386 1692 1419 1721 ΙΙ
1443 1684 1466 1722 5
1489 1688 1654 1736 quater.

207 1766 244 1806 p.
269 1751 369 1792 301.
395 1752 448 1791 10
478 1762 704 1799 SEQVITVR
732 1762 843 1792 NE:
862 1757 904 1791 ut
932 1765 1013 1792 ‘non
1044 1749 1223 1791 Saluian
1254 1749 1339 1790 ind.
1370 1764 1409 1805 p.
1432 1751 1515 1791 346
1546 1750 1656 1791 after

122 1821 194 1868 ito,
217 1820 287 1868 sic,
308 1820 392 1868 hoc,
413 1820 459 1860 in
481 1820 563 1861 hoc.

799 1975 905 2018 CAP.
937 1976 1003 2017 IX

209 2091 384 2146 Jupiter
413 2092 496 2133 and
529 2093 696 2148 Apollo,
722 2092 844 2133 when
875 2093 949 2133 the
982 2091 1228 2147 Pelasgians
1257 2091 1302 2132 in
1330 2091 1482 2132 dearth
1512 2091 1655 2132 vowed
1677 2113 1719 2146 25

123 2174 148 2199 a
169 2160 295 2201 tenth
317 2161 364 2201 of
380 2160 493 2201 their
514 2161 651 2210 fruits,
674 2161 861 2202 afflicted
885 2161 1002 2202 them
1026 2160 1129 2201 with
1152 2160 1330 2215 plagues
1350 2160 1531 2201 because
1554 2159 1657 2215 they

125 2229 304 2270 omitted
325 2236 369 2270 to
387 2230 573 2271 sacrifice
594 2234 643 2286 {5
665 2231 711 2271 of
728 2230 842 2271 their
855 2229 1062 2285 offspring
1078 2229 1129 2270 D.
1149 2229 1202 2269 H.
1222 2240 1236 2268 Ι
1257 2231 1308 2269 23
1326 2243 1409 2284 seq.
1455 2228 1656 2284 Porphyr.

124 2298 169 2338 in
193 2298 290 2339 Eus.
312 2313 351 2353 p.
374 2314 407 2340 e.
430 2310 479 2339 IV
504 2301 555 2340 16
586 2314 715 2354 many
737 2314 828 2340 exx.
857 2300 904 2339 of
924 2299 1086 2339 human
1115 2297 1326 2338 sacrifice:
1357 2312 1426 2338 see
1448 2297 1536 2338 also
1559 2298 1657 2339 Eus.

125 2365 177 2406 de
200 2366 311 2407 laud.
333 2365 610 2408 Constantini
635 2369 686 2407 13
708 2365 746 2422 ἐξ
768 2369 791 2408 6
816 2366 955 2415 Ηθ1η.,
978 2366 1061 2406 and
1084 2366 1120 2406 7.

213 2449 251 2489 p.
274 2436 329 2476 30
358 2435 382 2475 l.
407 2437 460 2475 14
488 2446 715 2476 INFANTES
744 2436 838 2476 qu.
869 2437 893 2476 6
919 2435 989 2475 fin.
1011 2449 1050 2475 n.
1080 2434 1276 2489 [unpubl.
1302 2434 1354 2475 A.
1375 2434 1447 2487 S.].
1511 2435 1656 2476 Fried-
1678 2455 1722 2487 30

127 2503 276 2544 lauder
296 2515 350 2544 ΙΙΙ
374 2504 454 2545 767
478 2519 518 2545 n.
542 2509 576 2545 5.
639 2505 890 2559 Marquardt
914 2509 981 2544 ΙΙΙ2
1004 2503 1058 2544 74
1079 2518 1118 2544 n.
1142 2505 1177 2544 2.

215 2583 356 2613 PENES
377 2573 492 2621 local,
516 2573 716 2614 Afrioian.
779 2574 885 2615 Sittl
907 2573 975 2614 die
999 2572 1136 2613 lokale
1160 2572 1599 2614 Verschiedenheiten
1620 2573 1658 2614 d.

131 2640 201 2681 lat.
228 2641 416 2696 Sprache
442 2644 534 2683 136.
594 2643 647 2683 de
675 2643 773 2697 pall.
795 2645 820 2683 3
840 2658 883 2697 J).
907 2642 1089 2683 Latium.
1147 2641 1295 2683 Claud.
1320 2641 1447 2682 Mam.
1471 2657 1534 2697 ep.
1559 2645 1582 2682 2
1605 2643 1659 2683 ad

131 2709 229 2764 Sap.
259 2725 296 2764 p.
328 2712 409 2751 205
434 2712 458 2750 2
486 2711 530 2751 Ε.
561 2725 685 2765 penes
710 2711 900 2752 Galliam
933 2716 1118 2751 nostram
1143 2710 1422 2764 professionis
1453 2716 1548 2751 tuae
1572 2725 1661 2766 pur

132 2792 237 2819 unus
269 2785 304 2820 et
334 2779 447 2820 solas
477 2794 529 2821 es.
590 2779 750 2821 A.L.L.
774 2791 861 2819 X111
885 2781 1065 2820 364—5.
1681 2796 1722 2827 35

1422 2865 1549 2901 13—2
