1827 3004
182 100 234 139 58
748 94 1145 136 TERTVLLIANI

263 211 334 252 18.
394 211 476 251 Sed
509 225 594 264 quo
627 210 794 263 plenius
827 214 870 248 et
900 207 1133 261 inpressius
1165 212 1257 247 tam
1289 207 1431 261 ipsum
1465 221 1596 260 quam
1630 206 1713 246 dis-

180 289 413 342 positiones
447 288 535 327 eius
568 292 611 326 et
643 286 892 325 uoluntates
924 284 1152 332 adiremus,
1188 284 1345 324 adiecit
1376 284 1715 324 instrumentum

180 365 464 413 litteraturae,
491 364 525 403 si
551 363 623 416 qui
648 362 753 402 uelit
778 362 829 401 de
855 361 934 401 deo
958 361 1184 414 inquirere,
1213 366 1255 401 et
1278 361 1485 414 inquisito
1509 360 1713 409 inuenire,

181 446 223 481 et
252 441 430 481 inuento
461 440 642 488 credere,
676 444 719 479 et
749 438 911 478 credito
942 437 1167 477 deseruire.
1228 438 1352 477 Viros
1382 437 1495 477 enim
1524 437 1717 477 iustitiae

178 516 425 556 innocentia
464 516 616 569 dignos
654 515 783 555 deum
823 528 948 554 nosse
987 519 1031 554 et
1070 514 1295 554 ostendere
1335 528 1359 554 a
1399 513 1633 567 primordio
1672 513 1758 557 in5

180 592 397 632 saeculum
439 592 580 632 emisit
619 591 773 644 spiritu
813 583 961 630 diuino
1001 589 1248 639 inundatOS,
1292 604 1376 643 quo
1418 589 1715 643 praedicarent

180 671 308 711 deum
340 672 515 712 unicum
548 686 649 720 esse,
684 671 757 724 qui
788 670 989 710 uniuersa
1021 669 1274 719 condiderit,
1309 670 1382 724 qui
1414 669 1631 709 hominem
1664 668 1716 708 de

180 750 310 790 humo
338 751 545 791 struxerit
573 750 655 801 (his
683 750 796 790 enim
824 755 889 790 est
915 764 1042 790 uerus
1070 750 1366 797 Prometheus,
1396 750 1470 803 qui
1498 749 1715 789 saeculum

180 830 305 870 certis
334 836 579 884 temporum
609 829 963 883 dispositionibus
992 834 1036 870 et
1065 829 1252 869 exitibus
1282 829 1530 880 ordinauit),
1563 829 1715 869 exinde

181 924 291 964 quae
319 911 439 964 signa
468 910 707 950 maiestatis
736 923 838 950 suae
866 909 1099 950 iudicantis
1128 909 1309 950 ediderit
1338 923 1413 963 per
1440 909 1610 958 imbres,
1643 924 1716 963 per

180 989 310 1043 ignes,
352 1004 459 1043 quas
497 989 755 1030 demerendo
795 989 874 1030 sibi
913 989 1160 1043 disciplinas
1199 989 1565 1038 determinauerit,
1606 1003 1717 1042 quae

178 1069 386 1123 ignoratis
421 1075 464 1110 et
498 1070 677 1110 desertis
712 1075 755 1110 et
789 1070 1030 1110 obseruatis
1064 1070 1129 1110 his
1164 1070 1354 1123 praemia
1390 1069 1629 1118 destinarit,
1669 1075 1716 1110 ut

179 1149 252 1202 qui
284 1149 496 1203 producto
529 1164 637 1190 aeuo
669 1150 753 1190 isto
785 1150 1054 1190 iudicaturus
1087 1150 1143 1190 sit
1175 1164 1274 1190 suos
1307 1150 1491 1191 cultores
1522 1150 1566 1190 in
1599 1150 1716 1190 uitae

178 1234 378 1270 aeternae
406 1230 750 1279 retributionem,
782 1230 986 1284 profanos
1014 1230 1058 1270 in
1086 1230 1229 1285 ignem
1258 1244 1394 1284 aeque
1422 1236 1644 1284 perpetem
1675 1236 1715 1270 et

178 1309 333 1363 iugem,
365 1310 584 1350 suscitatis
614 1310 814 1350 omnibus
845 1311 898 1351 ab
928 1311 1052 1351 initio
1083 1311 1299 1352 defunctis
1329 1316 1373 1352 et
1400 1311 1644 1351 reformatis
1675 1316 1715 1351 et

179 1389 398 1430 recensitis
437 1390 492 1430 ad
530 1391 756 1444 utriusque
795 1391 937 1431 meriti
977 1391 1338 1445 dispunctionem.
1398 1390 1519 1431 Haec
1559 1395 1601 1431 et
1640 1404 1717 1430 nos

177 1468 348 1508 risimus
377 1468 624 1522 aliquando.
684 1470 750 1509 De
779 1470 934 1510 uestris
964 1484 1125 1510 sumus.
1186 1470 1331 1519 Fiunt,
1364 1484 1451 1510 non
1479 1475 1717 1510 nascuntur

179 1548 421 1590 Christiani.
484 1550 599 1599 Quos
633 1551 821 1591 diximus
854 1551 1185 1605 praedicatores,
1221 1544 1459 1604 prophetae
1492 1550 1544 1591 de
1578 1549 1715 1589 officio

178 1629 403 1682 praefandi
436 1636 661 1672 uocantur.
724 1631 858 1672 Voces
891 1645 1039 1672 eorum
1070 1631 1262 1685 itemque
1294 1631 1492 1680 uirtutes,
1520 1645 1628 1684 quas
1661 1630 1716 1670 ad

178 1709 307 1749 fidem
335 1710 578 1751 diuinitatis
606 1711 806 1760 edebant,
833 1711 877 1751 in
904 1711 1117 1752 thesauris
1147 1711 1391 1752 litterarum
1418 1716 1609 1759 manent,
1639 1724 1716 1750 nec

177 1790 287 1830 istae
306 1790 457 1831 latent.
518 1791 866 1831 Ptolemaeorum
887 1791 1212 1840 eruditissimus,
1236 1805 1364 1845 quem
1384 1791 1715 1844 Philadelphum

178 1871 549 1923 supernominant,
578 1876 621 1912 et
646 1871 786 1911 omnis
810 1871 1082 1912 litteraturae
1107 1871 1418 1926 sagacissimus,
1447 1885 1545 1911 cum
1571 1870 1715 1911 studio

179 1950 539 1991 bibliothecarum
572 1952 861 2001 Pisistratum,
896 1952 1060 2006 opinor,
1095 1952 1397 2001 aemularetur,
1430 1951 1543 1992 inter
1575 1956 1716 1991 cetera

180 2030 497 2080 memoriarum,
541 2031 698 2084 quibus
738 2037 816 2071 aut
855 2036 1053 2072 uetustas
1094 2037 1171 2072 aut
1212 2031 1436 2071 curiositas
1476 2030 1620 2084 aliqua
1661 2030 1715 2070 ad

180 2110 342 2149 famam
379 2110 748 2163 patrocinabatur,
789 2125 840 2150 ex
877 2116 1081 2165 suggestu
1116 2111 1311 2151 Demetri
1348 2110 1541 2150 Phalerei
1578 2123 1714 2163 grain-

182 2190 439 2230 maticorum
475 2195 580 2230 tunc
616 2191 921 2244 probatissimi,
960 2191 1024 2232 cui
1063 2191 1379 2245 praefecturam
1415 2190 1714 2238 mandauerat,

180 2268 311 2309 libros
340 2283 364 2308 a
394 2268 566 2309 Iudaeis
596 2283 767 2323 quoque
796 2270 1049 2324 postulauit,
1080 2271 1275 2324 proprias
1304 2276 1437 2324 atque
1464 2269 1718 2310 uernaculas

179 2347 358 2396 litteras,
385 2362 492 2401 quas
515 2349 592 2388 soli
616 2348 850 2390 habebant.
911 2349 979 2389 Ex
1001 2350 1105 2404 ipsis
1129 2350 1242 2390 enim
1267 2355 1310 2391 et
1333 2350 1388 2390 ad
1410 2350 1525 2404 ipsos
1549 2363 1715 2403 semper

182 2427 418 2480 prophetae
444 2434 764 2481 perorauerant,
793 2429 954 2469 scilicet
979 2429 1035 2469 ad
1061 2429 1344 2470 domesticam
1371 2429 1438 2470 dei
1463 2435 1636 2484 gentem
1664 2443 1715 2469 ex

1740 925 1784 946 10

1740 1325 1783 1357 15

1738 1724 1784 1746 20

1737 2123 1782 2154 25

182 2512 356 2559 patrum
399 2507 550 2561 gratia.
610 2507 797 2548 Hebraei
839 2514 953 2550 retro
997 2509 1070 2563 qui
1111 2523 1226 2550 nunc
1268 2509 1431 2550 Iudaei.
1491 2509 1630 2563 Igitur
1672 2515 1716 2549 et
1735 2525 1781 2556 30

182 2585 352 2625 litterae
386 2586 611 2627 Hebraeae
646 2593 689 2628 et
723 2588 953 2642 eloquium.
1015 2589 1098 2629 Sed
1131 2603 1185 2629 ne
1218 2589 1376 2630 notitia
1409 2595 1597 2638 uacaret,
1635 2589 1715 2629 hoc

183 2678 355 2717 quoque
389 2679 413 2704 a
448 2665 620 2706 Iudaeis
654 2666 902 2707 Ptolemaeo
936 2667 1228 2722 subscriptum
1263 2674 1328 2709 est
1361 2667 1637 2722 septuaginta
1673 2672 1716 2708 et

182 2743 351 2785 duobus
371 2745 678 2799 interpretibus
699 2748 890 2798 indultis,
910 2763 1018 2802 quos
1039 2749 1316 2791 Menedemus
1337 2763 1509 2804 quoque
1529 2748 1714 2803 philoso-
