1827 3004
133 135 184 174 40
701 124 1100 167 TERTVLLIANI

135 246 310 300 quidem
334 245 367 285 si
390 244 471 298 ipsi
495 257 538 283 se
562 242 701 282 130010
725 240 981 294 potuissent,
1006 252 1232 292 nunquam
1256 237 1451 278 homines
1474 236 1669 285 fuissent,

135 322 402 376 possidentes
433 319 593 360 scilicet
624 316 886 357 condicionis
916 315 1100 355 melioris
1131 318 1409 368 potestatem.
1470 312 1609 367 Igitur
1638 312 1673 352 si

136 404 201 438 est
220 398 292 450 qui
310 396 443 436 faciat
461 395 574 444 deos,
595 398 787 433 reuertor
805 392 860 432 ad
879 405 1029 431 causas
1048 389 1360 431 examinandas
1378 387 1674 429 faciendorum

138 489 189 514 ex
222 472 467 513 hominibus
498 471 689 519 deorum,
722 483 799 509 nec
830 468 939 508 ullas
968 468 1155 517 inuenio,
1187 467 1269 507 nisi
1299 466 1333 507 si
1364 466 1601 506 ministeria
1633 470 1676 505 et

138 550 297 590 auxilia
338 548 485 589 officiis
525 546 682 587 diuinis
722 544 985 585 desiderauit
1023 544 1092 584 ille
1131 558 1314 598 magnus
1354 543 1471 583 deus.
1532 542 1676 582 Primo
1695 557 1715 588 5

137 626 363 680 indignum
396 629 472 673 est,
507 628 557 663 ut
589 623 768 663 alicuius
800 636 930 676 opera
960 621 1184 675 indigeret,
1220 625 1264 660 et
1295 619 1470 674 quidem
1502 619 1675 667 mortui,

140 717 237 743 cum
269 702 439 756 dignius
469 700 524 741 ab
555 700 678 740 initio
710 699 839 739 deum
871 686 1069 751 aliquem*
1090 697 1261 737 fecisset
1291 696 1364 750 qui
1395 696 1556 736 mortui
1587 700 1680 735 erat

139 794 315 834 operam
346 777 679 819 desideraturus.
740 775 824 816 Sed
854 789 931 815 1100
962 788 1117 828 operae
1146 773 1289 814 locum
1319 772 1459 813 uideo.
1520 773 1680 813 Totum

141 858 254 897 enim
288 857 367 896 1100
399 854 550 895 1111111(11
583 868 736 908 corpus
769 853 859 894 siue
891 853 1092 893 innatum
1126 856 1169 892 et
1199 851 1411 891 infectum
1443 850 1680 891 secundum

142 931 449 985 Pythagoram,
477 929 567 969 siue
591 933 747 968 natum
772 927 995 967 factumue
1020 925 1258 966 secundum
1284 925 1524 973 Platonem,
1552 923 1680 964 semel

142 1006 293 1059 utique
320 1005 364 1045 in
390 1004 474 1044 ista
503 1002 825 1043 constructione
852 1000 1112 1054 dispositum
1141 1005 1184 1040 et
1210 1000 1473 1039 instructum
1502 1003 1545 1039 et
1572 998 1682 1038 ordi-

141 1086 297 1120 natum
328 1093 426 1119 011111
456 1077 573 1118 0111111
603 1076 783 1117 rationis
813 1074 1104 1130 gubernaculo
1134 1074 1364 1114 inuentum
1396 1078 1472 1113 est.
1520 1072 1683 1126 Imper-

143 1154 308 1194 fectum
334 1166 420 1193 non
447 1152 593 1206 potuit
619 1164 709 1191 esse
731 1149 848 1204 quod
872 1148 1053 1203 perfecit
1080 1148 1238 1188 omnia.
1300 1147 1417 1187 Nihil
1448 1146 1685 1187 Saturnum

144 1234 189 1269 et
224 1227 473 1268 Saturniam
507 1230 680 1280 gentem
716 1223 992 1278 expectabat.
1052 1222 1164 1263 Vani
1199 1227 1327 1262 erunt
1361 1221 1568 1270 homines,
1604 1220 1686 1261 nisi

147 1302 252 1343 certi
270 1302 358 1342 sint
375 1315 399 1341 a
419 1299 652 1354 primordio
672 1304 715 1339 et
734 1298 904 1352 pluuias
922 1297 974 1337 de
993 1295 1109 1337 caclo
1128 1296 1261 1336 ruisse
1280 1301 1324 1336 et
1341 1295 1480 1336 sidera
1497 1294 1686 1335 radiasse

146 1382 190 1417 et
218 1376 382 1416 lumina
413 1374 604 1414 floruisse
636 1378 679 1413 et
708 1373 903 1413 tonitrua
934 1371 1119 1425 mugisse
1150 1375 1193 1410 et
1221 1370 1365 1424 ipsum
1395 1370 1546 1409 Iouem
1577 1383 1688 1422 quae

146 1452 191 1492 in
220 1464 353 1490 manu
383 1449 471 1488 eius
499 1447 707 1501 inponitis
736 1446 918 1487 fulmina
947 1445 1154 1493 timuisse,
1185 1445 1291 1485 item
1320 1458 1493 1484 omnem
1522 1444 1689 1498 frugem

147 1530 250 1565 ante
268 1523 470 1564 Liberum
488 1528 531 1562 et
548 1522 742 1562 Cererem
760 1526 804 1561 et
820 1520 1074 1568 Mineruam,
1093 1519 1226 1559 immo
1244 1524 1346 1559 ante
1362 1518 1483 1558 illum
1501 1518 1689 1571 aliquem

148 1597 386 1653 principem
412 1596 631 1636 hominem
656 1594 709 1635 de
735 1600 848 1635 terra
875 1593 1143 1642 exuberasse,
1171 1593 1272 1646 quia
1297 1592 1403 1633 nihil
1429 1591 1690 1632 continendo

149 1677 193 1712 et
218 1669 471 1712 sustinendo
497 1669 661 1709 homini
687 1673 965 1723 prospectum
990 1671 1090 1721 post
1115 1666 1334 1707 hominem
1359 1666 1505 1720 potuit
1529 1665 1688 1706 inferri.

150 1746 347 1799 Denique
366 1744 579 1785 inuenisse
599 1743 803 1783 dicuntur
821 1741 1060 1782 necessaria
1077 1741 1162 1781 ista
1180 1741 1311 1790 uitae,
1332 1755 1420 1781 non
1437 1740 1689 1781 instituisse.

153 1819 278 1868 Quod
301 1824 449 1859 autem
472 1817 707 1864 inuenitur,
732 1816 828 1865 fuit,
856 1821 899 1856 et
923 1815 1039 1869 quod
1063 1814 1159 1864 fuit,
1184 1829 1272 1855 non
1296 1815 1385 1855 eius
1409 1814 1694 1869 deputabitur

152 1894 225 1947 qui
259 1893 439 1941 inuenit,
476 1891 551 1932 sed
585 1891 674 1931 eius
709 1891 783 1944 qui
816 1889 1031 1938 instituit3
1084 1894 1177 1929 erat
1211 1889 1324 1929 enirn
1359 1894 1597 1942 antequam
1630 1888 1692 1928 in-

83 2006 85 2009 .
110 2010 112 2018 ,
152 1968 384 2008 ueniretur.
446 1966 646 2006 Ceterum
664 1965 698 2005 si
716 1969 944 2019 propterea
963 1963 1090 2003 Liber
1107 1963 1212 2003 deus
1230 1962 1348 2016 quod
1364 1962 1501 2003 uitem
1519 1962 1694 2002 demon-

154 2042 324 2090 strauit,
360 2040 471 2081 male
505 2054 603 2080 011111
637 2039 815 2079 Lucullo
849 2043 998 2079 actum
1032 2042 1109 2084 est,
1146 2037 1219 2090 qui
1252 2036 1417 2090 primus
1450 2036 1610 2076 cerasia
1644 2050 1695 2075 ex

155 2116 296 2156 Ponto
320 2115 474 2155 Italiae
498 2113 804 2168 promulgauit,
831 2112 949 2166 quod
970 2126 1058 2152 non
1082 2116 1147 2151 est
1170 2116 1398 2165 propterea
1422 2115 1697 2151 consecratus

155 2196 206 2231 ut
231 2190 363 2244 frugis
388 2202 527 2229 nouae
553 2193 717 2236 auctor,
746 2187 819 2241 qui
845 2192 1053 2227 ostensor.
1115 2185 1407 2234 Quamobrem
1433 2185 1467 2225 si
1492 2184 1547 2225 ab
1573 2185 1697 2225 initio

158 2269 201 2304 et
217 2264 431 2304 instructa
449 2266 492 2302 et
509 2262 637 2302 certis
655 2261 991 2301 exercendorum
1009 2259 1247 2300 officiorum
1264 2273 1440 2299 suorum
1458 2258 1699 2299 rationibus

158 2340 407 2394 dispensata
450 2338 710 2378 uniuersitas
754 2337 964 2385 constitit,
1009 2342 1141 2377 uacat
1183 2350 1236 2376 ex
1280 2335 1359 2376 1130
1403 2340 1527 2389 parte
1570 2349 1699 2375 031133

159 2413 422 2468 adlegendae
444 2411 730 2452 humanitatis
752 2412 796 2451 in
818 2411 1108 2458 diuinitatem,
1134 2410 1237 2463 quia
1258 2424 1366 2463 quas
1386 2409 1468 2449 illis
1489 2408 1700 2449 stationes

161 2493 205 2528 et
221 2491 461 2541 potestates
478 2485 772 2533 distribuistis,
792 2490 884 2525 tam
901 2484 1079 2524 fuerunt
1095 2483 1149 2524 ab
1166 2483 1290 2523 initio
1309 2497 1441 2537 quam
1459 2487 1502 2523 et
1518 2482 1702 2522 fuissent

161 2561 330 2601 etiamsi
354 2560 455 2599 deos
478 2559 583 2599 istos
606 2573 693 2599 non
717 2558 952 2598 creassetis.
1013 2557 1097 2598 Sed
1120 2557 1422 2597 conuertimini
1446 2556 1502 2596 ad
1525 2570 1701 2596 causam

161 2634 304 2682 aliam,
353 2632 663 2687 respondentes
711 2632 1000 2673 conlationem
1048 2631 1293 2672 diuinitatis
1340 2630 1593 2670 meritorum
1640 2644 1702 2669 re-

163 2706 529 2748 munerandorum
566 2706 695 2746 1111330
731 2706 958 2746 rationem.
1020 2706 1079 2745 Et
1116 2705 1214 2745 hinc
1251 2703 1497 2752 conceditis,
1537 2703 1701 2757 opinor,

163 2781 285 2821 illum
317 2780 446 2820 deum
478 2780 678 2820 deificum
709 2780 877 2820 iustitia
909 2779 1174 2833 praecellere,
1210 2778 1284 2832 qui
1315 2792 1402 2818 non
1434 2782 1595 2817 temere
1626 2791 1703 2817 nec

1704 941 1747 963 10

1710 1313 1750 1345 ι5

1711 1685 1756 1708 20

1720 2424 1766 2455 30

1723 2794 1766 2826 35
