<?xml version="1.0" encoding="UTF-8"?>
<!DOCTYPE html PUBLIC "-//W3C//DTD XHTML 1.0 Transitional//EN"
    "http://www.w3.org/TR/xhtml1/DTD/xhtml1-transitional.dtd">
<html xmlns="http://www.w3.org/1999/xhtml" xml:lang="en" lang="en">
 <head>
  <title>
</title>
<meta http-equiv="Content-Type" content="text/html;charset=utf-8" />
  <meta name='ocr-system' content='tesseract 3.04.00' />
  <meta name='ocr-capabilities' content='ocr_page ocr_carea ocr_par ocr_line ocrx_word'/>
</head>
<body>
  <div class='ocr_page' id='page_1' title='image "apologeticustext00tertuoft_0108.png"; bbox 0 0 1827 3004; ppageno 0'>
   <div class='ocr_carea' id='block_1_1' title="bbox 102 71 1069 134">
    <p class='ocr_par' dir='ltr' id='par_1_1' title="bbox 102 71 1069 134">
     <span class='ocr_line' id='line_1_1' title="bbox 102 71 1069 134; baseline 0 -22"><span class='ocrx_word' id='word_1_1' title='bbox 102 73 154 112; x_wconf 84' lang='lat'>84</span> <span class='ocrx_word' id='word_1_2' title='bbox 670 71 1069 134; x_wconf 70' lang='lat' dir='ltr'><strong>TERTVLLIANI</strong></span> 
     </span>
    </p>
   </div>
   <div class='ocr_carea' id='block_1_2' title="bbox 100 185 1638 321">
    <p class='ocr_par' dir='ltr' id='par_1_2' title="bbox 100 185 1638 321">
     <span class='ocr_line' id='line_1_2' title="bbox 101 185 1636 241; baseline -0.002 -14"><span class='ocrx_word' id='word_1_3' title='bbox 101 186 278 227; x_wconf 91' lang='lat' dir='ltr'>Nollent</span> <span class='ocrx_word' id='word_1_4' title='bbox 298 187 447 241; x_wconf 88' lang='lat' dir='ltr'>itaque</span> <span class='ocrx_word' id='word_1_5' title='bbox 470 202 547 228; x_wconf 89' lang='lat' dir='ltr'>uos</span> <span class='ocrx_word' id='word_1_6' title='bbox 571 192 662 227; x_wconf 85' lang='lat' dir='ltr'>tam</span> <span class='ocrx_word' id='word_1_7' title='bbox 686 186 943 236; x_wconf 79' lang='lat' dir='ltr'>fructuosos,</span> <span class='ocrx_word' id='word_1_8' title='bbox 969 192 1061 227; x_wconf 89' lang='lat' dir='ltr'>tam</span> <span class='ocrx_word' id='word_1_9' title='bbox 1085 187 1295 228; x_wconf 91' lang='lat' dir='ltr'>officiosos</span> <span class='ocrx_word' id='word_1_10' title='bbox 1318 186 1398 227; x_wconf 83' lang='lat' dir='ltr'>sibi</span> <span class='ocrx_word' id='word_1_11' title='bbox 1422 185 1636 232; x_wconf 83' lang='lat' dir='ltr'>amittere,</span> 
     </span>
     <span class='ocr_line' id='line_1_3' title="bbox 100 263 1638 321; baseline -0.002 -14"><span class='ocrx_word' id='word_1_12' title='bbox 100 266 167 307; x_wconf 89' lang='lat' dir='ltr'>uel</span> <span class='ocrx_word' id='word_1_13' title='bbox 199 281 253 307; x_wconf 88' lang='lat' dir='ltr'>ne</span> <span class='ocrx_word' id='word_1_14' title='bbox 284 281 309 307; x_wconf 91' lang='lat' dir='ltr'>a</span> <span class='ocrx_word' id='word_1_15' title='bbox 339 267 464 307; x_wconf 88' lang='lat' dir='ltr'>uobis</span> <span class='ocrx_word' id='word_1_16' title='bbox 495 267 757 321; x_wconf 79' lang='lat' dir='ltr'>quandoque</span> <span class='ocrx_word' id='word_1_17' title='bbox 788 281 813 307; x_wconf 91' lang='lat' dir='ltr'>a</span> <span class='ocrx_word' id='word_1_18' title='bbox 845 266 1098 307; x_wconf 88' lang='lat' dir='ltr'>Christianis</span> <span class='ocrx_word' id='word_1_19' title='bbox 1128 267 1346 321; x_wconf 87' lang='lat' dir='ltr'>fugentur,</span> <span class='ocrx_word' id='word_1_20' title='bbox 1380 265 1414 306; x_wconf 92' lang='lat' dir='ltr'>si</span> <span class='ocrx_word' id='word_1_21' title='bbox 1444 265 1526 305; x_wconf 89' lang='lat' dir='ltr'>illis</span> <span class='ocrx_word' id='word_1_22' title='bbox 1558 263 1638 304; x_wconf 92' lang='lat' dir='ltr'>sub</span> 
     </span>
    </p>
   </div>
   <div class='ocr_carea' id='block_1_3' title="bbox 103 344 1594 400">
    <p class='ocr_par' dir='ltr' id='par_1_3' title="bbox 103 344 1594 400">
     <span class='ocr_line' id='line_1_4' title="bbox 103 344 1594 400; baseline -0.003 -13"><span class='ocrx_word' id='word_1_23' title='bbox 103 346 358 395; x_wconf 77' lang='lat' dir='ltr'>Christiano,</span> <span class='ocrx_word' id='word_1_24' title='bbox 390 347 564 387; x_wconf 88' lang='lat' dir='ltr'>uolente</span> <span class='ocrx_word' id='word_1_25' title='bbox 593 346 718 387; x_wconf 90' lang='lat' dir='ltr'>uobis</span> <span class='ocrx_word' id='word_1_26' title='bbox 747 346 979 387; x_wconf 87' lang='lat' dir='ltr'>ueritatem</span> <span class='ocrx_word' id='word_1_27' title='bbox 1008 346 1203 400; x_wconf 83' lang='lat' dir='ltr'>probare,</span> <span class='ocrx_word' id='word_1_28' title='bbox 1234 344 1407 386; x_wconf 89' lang='lat' dir='ltr'>mentiri</span> <span class='ocrx_word' id='word_1_29' title='bbox 1436 344 1594 384; x_wconf 88' lang='lat' dir='ltr'>liceret.</span> 
     </span>
    </p>
   </div>
   <div class='ocr_carea' id='block_1_4' title="bbox 99 480 1707 2770">
    <p class='ocr_par' dir='ltr' id='par_1_4' title="bbox 99 480 1707 2770">
     <span class='ocr_line' id='line_1_5' title="bbox 184 480 1639 535; baseline -0.001 -15"><span class='ocrx_word' id='word_1_30' title='bbox 184 480 257 520; x_wconf 87' lang='lat'>24.</span> <span class='ocrx_word' id='word_1_31' title='bbox 318 480 466 521; x_wconf 90' lang='lat' dir='ltr'>Omnis</span> <span class='ocrx_word' id='word_1_32' title='bbox 494 481 578 521; x_wconf 83' lang='lat' dir='ltr'>ista</span> <span class='ocrx_word' id='word_1_33' title='bbox 607 481 817 521; x_wconf 87' lang='lat' dir='ltr'>confessio</span> <span class='ocrx_word' id='word_1_34' title='bbox 845 481 1015 522; x_wconf 87' lang='lat' dir='ltr'>illorum</span> <span class='ocrx_word' id='word_1_35' title='bbox 1045 495 1130 535; x_wconf 89' lang='lat' dir='ltr'>qua</span> <span class='ocrx_word' id='word_1_36' title='bbox 1159 495 1203 521; x_wconf 90' lang='lat' dir='ltr'>se</span> <span class='ocrx_word' id='word_1_37' title='bbox 1231 480 1333 520; x_wconf 90' lang='lat' dir='ltr'>deos</span> <span class='ocrx_word' id='word_1_38' title='bbox 1360 484 1522 534; x_wconf 89' lang='lat' dir='ltr'>negant</span> <span class='ocrx_word' id='word_1_39' title='bbox 1551 492 1639 519; x_wconf 89' lang='lat' dir='ltr'>esse</span> 
     </span>
     <span class='ocr_line' id='line_1_6' title="bbox 101 559 1677 614; baseline 0.001 -15"><span class='ocrx_word' id='word_1_40' title='bbox 101 574 272 613; x_wconf 84' lang='lat' dir='ltr'>quaque</span> <span class='ocrx_word' id='word_1_41' title='bbox 308 574 395 600; x_wconf 94' lang='lat' dir='ltr'>non</span> <span class='ocrx_word' id='word_1_42' title='bbox 431 560 563 600; x_wconf 89' lang='lat' dir='ltr'>alium</span> <span class='ocrx_word' id='word_1_43' title='bbox 600 560 730 600; x_wconf 88' lang='lat' dir='ltr'>deum</span> <span class='ocrx_word' id='word_1_44' title='bbox 766 560 1030 614; x_wconf 89' lang='lat' dir='ltr'>respondent</span> <span class='ocrx_word' id='word_1_45' title='bbox 1064 565 1235 614; x_wconf 89' lang='lat' dir='ltr'>praeter</span> <span class='ocrx_word' id='word_1_46' title='bbox 1271 573 1419 608; x_wconf 89' lang='lat' dir='ltr'>unum,</span> <span class='ocrx_word' id='word_1_47' title='bbox 1458 559 1526 599; x_wconf 92' lang='lat' dir='ltr'>cui</span> <span class='ocrx_word' id='word_1_48' title='bbox 1562 570 1677 601; x_wconf 88' lang='lat' dir='ltr'>nos5</span> 
     </span>
     <span class='ocr_line' id='line_1_7' title="bbox 100 638 1638 694; baseline 0 -16"><span class='ocrx_word' id='word_1_49' title='bbox 100 640 411 693; x_wconf 79' lang='lat' dir='ltr'>mancipamur,</span> <span class='ocrx_word' id='word_1_50' title='bbox 448 640 553 680; x_wconf 89' lang='lat' dir='ltr'>satis</span> <span class='ocrx_word' id='word_1_51' title='bbox 586 640 743 680; x_wconf 91' lang='lat' dir='ltr'>idonea</span> <span class='ocrx_word' id='word_1_52' title='bbox 779 645 844 680; x_wconf 91' lang='lat' dir='ltr'>est</span> <span class='ocrx_word' id='word_1_53' title='bbox 877 640 933 680; x_wconf 91' lang='lat' dir='ltr'>ad</span> <span class='ocrx_word' id='word_1_54' title='bbox 968 639 1269 694; x_wconf 89' lang='lat' dir='ltr'>depellendum</span> <span class='ocrx_word' id='word_1_55' title='bbox 1304 639 1464 679; x_wconf 90' lang='lat' dir='ltr'>crimen</span> <span class='ocrx_word' id='word_1_56' title='bbox 1498 638 1638 678; x_wconf 82' lang='lat' dir='ltr'>laesae</span> 
     </span>
     <span class='ocr_line' id='line_1_8' title="bbox 104 719 1638 774; baseline -0.001 -15"><span class='ocrx_word' id='word_1_57' title='bbox 104 720 292 760; x_wconf 79' lang='lat' dir='ltr'>maxime</span> <span class='ocrx_word' id='word_1_58' title='bbox 318 720 544 760; x_wconf 84' lang='lat' dir='ltr'>Romanae</span> <span class='ocrx_word' id='word_1_59' title='bbox 570 720 796 774; x_wconf 82' lang='lat' dir='ltr'>religionis.</span> <span class='ocrx_word' id='word_1_60' title='bbox 857 719 900 760; x_wconf 78' lang='lat' dir='ltr'>Si</span> <span class='ocrx_word' id='word_1_61' title='bbox 928 720 1041 760; x_wconf 90' lang='lat' dir='ltr'>enim</span> <span class='ocrx_word' id='word_1_62' title='bbox 1066 734 1154 760; x_wconf 92' lang='lat' dir='ltr'>non</span> <span class='ocrx_word' id='word_1_63' title='bbox 1180 725 1283 760; x_wconf 90' lang='lat' dir='ltr'>sunt</span> <span class='ocrx_word' id='word_1_64' title='bbox 1309 719 1377 759; x_wconf 92' lang='lat' dir='ltr'>dei</span> <span class='ocrx_word' id='word_1_65' title='bbox 1404 733 1480 773; x_wconf 85' lang='lat' dir='ltr'>pro</span> <span class='ocrx_word' id='word_1_66' title='bbox 1508 723 1638 767; x_wconf 91' lang='lat' dir='ltr'>certo,</span> 
     </span>
     <span class='ocr_line' id='line_1_9' title="bbox 101 799 1639 855; baseline -0.001 -16"><span class='ocrx_word' id='word_1_67' title='bbox 101 814 179 840; x_wconf 91' lang='lat' dir='ltr'>nec</span> <span class='ocrx_word' id='word_1_68' title='bbox 207 801 352 855; x_wconf 89' lang='lat' dir='ltr'>religio</span> <span class='ocrx_word' id='word_1_69' title='bbox 381 815 458 854; x_wconf 93' lang='lat' dir='ltr'>pro</span> <span class='ocrx_word' id='word_1_70' title='bbox 488 805 604 840; x_wconf 90' lang='lat' dir='ltr'>certo</span> <span class='ocrx_word' id='word_1_71' title='bbox 635 805 720 840; x_wconf 88' lang='lat' dir='ltr'>est:</span> <span class='ocrx_word' id='word_1_72' title='bbox 767 799 802 840; x_wconf 89' lang='lat' dir='ltr'>si</span> <span class='ocrx_word' id='word_1_73' title='bbox 830 800 975 854; x_wconf 86' lang='lat' dir='ltr'>religio</span> <span class='ocrx_word' id='word_1_74' title='bbox 1004 814 1091 841; x_wconf 92' lang='lat' dir='ltr'>non</span> <span class='ocrx_word' id='word_1_75' title='bbox 1121 805 1197 849; x_wconf 82' lang='lat' dir='ltr'>est,</span> <span class='ocrx_word' id='word_1_76' title='bbox 1229 800 1330 854; x_wconf 84' lang='lat' dir='ltr'>quia</span> <span class='ocrx_word' id='word_1_77' title='bbox 1359 813 1437 839; x_wconf 91' lang='lat' dir='ltr'>nec</span> <span class='ocrx_word' id='word_1_78' title='bbox 1466 799 1533 839; x_wconf 89' lang='lat' dir='ltr'>dei</span> <span class='ocrx_word' id='word_1_79' title='bbox 1563 813 1639 852; x_wconf 89' lang='lat' dir='ltr'>pro</span> 
     </span>
     <span class='ocr_line' id='line_1_10' title="bbox 104 879 1638 934; baseline -0.001 -15"><span class='ocrx_word' id='word_1_80' title='bbox 104 885 232 929; x_wconf 80' lang='lat' dir='ltr'>certo,</span> <span class='ocrx_word' id='word_1_81' title='bbox 259 894 338 920; x_wconf 92' lang='lat' dir='ltr'>nec</span> <span class='ocrx_word' id='word_1_82' title='bbox 361 895 439 921; x_wconf 87' lang='grc'>1108</span> <span class='ocrx_word' id='word_1_83' title='bbox 463 894 540 934; x_wconf 92' lang='lat' dir='ltr'>pro</span> <span class='ocrx_word' id='word_1_84' title='bbox 566 884 682 920; x_wconf 90' lang='lat' dir='ltr'>certo</span> <span class='ocrx_word' id='word_1_85' title='bbox 706 879 765 919; x_wconf 89' lang='lat' dir='ltr'>rei</span> <span class='ocrx_word' id='word_1_86' title='bbox 790 894 939 920; x_wconf 90' lang='lat' dir='ltr'>sumus</span> <span class='ocrx_word' id='word_1_87' title='bbox 962 879 1102 920; x_wconf 86' lang='lat' dir='ltr'>laesae</span> <span class='ocrx_word' id='word_1_88' title='bbox 1125 879 1351 934; x_wconf 81' lang='lat' dir='ltr'>religionis.</span> <span class='ocrx_word' id='word_1_89' title='bbox 1412 879 1471 919; x_wconf 85' lang='lat' dir='ltr'>At</span> <span class='ocrx_word' id='word_1_90' title='bbox 1496 892 1517 918; x_wconf 90' lang='lat' dir='ltr'>e</span> <span class='ocrx_word' id='word_1_91' title='bbox 1541 892 1638 918; x_wconf 89' lang='lat' dir='ltr'>con-</span> 
     </span>
     <span class='ocr_line' id='line_1_11' title="bbox 102 959 1703 1014; baseline -0.001 -15"><span class='ocrx_word' id='word_1_92' title='bbox 102 960 233 1000; x_wconf 82' lang='lat' dir='ltr'>trario</span> <span class='ocrx_word' id='word_1_93' title='bbox 264 960 309 1000; x_wconf 89' lang='lat' dir='ltr'>in</span> <span class='ocrx_word' id='word_1_94' title='bbox 341 975 420 1001; x_wconf 89' lang='lat' dir='ltr'>uos</span> <span class='ocrx_word' id='word_1_95' title='bbox 452 959 729 1014; x_wconf 72' lang='lat' dir='ltr'>exprobratio</span> <span class='ocrx_word' id='word_1_96' title='bbox 762 959 1002 1008; x_wconf 71' lang='lat' dir='ltr'>resultauit‚</span> <span class='ocrx_word' id='word_1_97' title='bbox 1038 959 1112 1013; x_wconf 87' lang='lat' dir='ltr'>qui</span> <span class='ocrx_word' id='word_1_98' title='bbox 1144 959 1418 999; x_wconf 81' lang='lat' dir='ltr'>mendacium</span> <span class='ocrx_word' id='word_1_99' title='bbox 1452 959 1639 999; x_wconf 89' lang='lat' dir='ltr'>colentes</span> <span class='ocrx_word' id='word_1_100' title='bbox 1661 972 1703 995; x_wconf 91' lang='lat'>10</span> 
     </span>
     <span class='ocr_line' id='line_1_12' title="bbox 99 1039 1640 1094; baseline 0.001 -15"><span class='ocrx_word' id='word_1_101' title='bbox 99 1054 246 1080; x_wconf 90' lang='lat' dir='ltr'>ueram</span> <span class='ocrx_word' id='word_1_102' title='bbox 273 1040 519 1094; x_wconf 79' lang='lat' dir='ltr'>religionem</span> <span class='ocrx_word' id='word_1_103' title='bbox 546 1040 637 1080; x_wconf 91' lang='lat' dir='ltr'>ueri</span> <span class='ocrx_word' id='word_1_104' title='bbox 664 1039 732 1080; x_wconf 91' lang='lat' dir='ltr'>dei</span> <span class='ocrx_word' id='word_1_105' title='bbox 759 1054 846 1080; x_wconf 93' lang='lat' dir='ltr'>non</span> <span class='ocrx_word' id='word_1_106' title='bbox 873 1040 1002 1080; x_wconf 92' lang='lat' dir='ltr'>modo</span> <span class='ocrx_word' id='word_1_107' title='bbox 1029 1040 1304 1094; x_wconf 81' lang='lat' dir='ltr'>neglegendo,</span> <span class='ocrx_word' id='word_1_108' title='bbox 1334 1040 1438 1093; x_wconf 81' lang='lat' dir='ltr'>quin</span> <span class='ocrx_word' id='word_1_109' title='bbox 1465 1040 1640 1093; x_wconf 85' lang='lat' dir='ltr'>insuper</span> 
     </span>
     <span class='ocr_line' id='line_1_13' title="bbox 102 1119 1637 1174; baseline -0.001 -14"><span class='ocrx_word' id='word_1_110' title='bbox 102 1119 403 1174; x_wconf 80' lang='lat' dir='ltr'>expugnando,</span> <span class='ocrx_word' id='word_1_111' title='bbox 426 1120 471 1160; x_wconf 91' lang='lat' dir='ltr'>in</span> <span class='ocrx_word' id='word_1_112' title='bbox 491 1134 643 1160; x_wconf 90' lang='lat' dir='ltr'>uerum</span> <span class='ocrx_word' id='word_1_113' title='bbox 665 1119 939 1159; x_wconf 72' lang='lat' dir='ltr'>committitis</span> <span class='ocrx_word' id='word_1_114' title='bbox 961 1119 1121 1159; x_wconf 89' lang='lat' dir='ltr'>crimen</span> <span class='ocrx_word' id='word_1_115' title='bbox 1141 1133 1268 1159; x_wconf 89' lang='lat' dir='ltr'>uerae</span> <span class='ocrx_word' id='word_1_116' title='bbox 1288 1119 1637 1173; x_wconf 82' lang='lat' dir='ltr'>inreligiositatis.</span> 
     </span>
     <span class='ocr_line' id='line_1_14' title="bbox 102 1199 1638 1249; baseline 0.001 -10"><span class='ocrx_word' id='word_1_117' title='bbox 102 1199 228 1240; x_wconf 89' lang='lat' dir='ltr'>Nunc</span> <span class='ocrx_word' id='word_1_118' title='bbox 250 1205 302 1241; x_wconf 92' lang='lat' dir='ltr'>ut</span> <span class='ocrx_word' id='word_1_119' title='bbox 325 1205 544 1241; x_wconf 88' lang='lat' dir='ltr'>constaret</span> <span class='ocrx_word' id='word_1_120' title='bbox 566 1200 660 1241; x_wconf 88' lang='lat' dir='ltr'>illos</span> <span class='ocrx_word' id='word_1_121' title='bbox 684 1199 786 1240; x_wconf 90' lang='lat' dir='ltr'>deos</span> <span class='ocrx_word' id='word_1_122' title='bbox 811 1214 912 1249; x_wconf 88' lang='lat' dir='ltr'>esse,</span> <span class='ocrx_word' id='word_1_123' title='bbox 938 1213 1081 1240; x_wconf 89' lang='lat' dir='ltr'>nonne</span> <span class='ocrx_word' id='word_1_124' title='bbox 1105 1200 1339 1240; x_wconf 84' lang='lat' dir='ltr'>conceditis</span> <span class='ocrx_word' id='word_1_125' title='bbox 1363 1200 1415 1240; x_wconf 92' lang='lat' dir='ltr'>de</span> <span class='ocrx_word' id='word_1_126' title='bbox 1440 1200 1638 1240; x_wconf 88' lang='lat' dir='ltr'>aestima-</span> 
     </span>
     <span class='ocr_line' id='line_1_15' title="bbox 101 1279 1641 1334; baseline 0 -15"><span class='ocrx_word' id='word_1_127' title='bbox 101 1279 218 1320; x_wconf 91' lang='lat' dir='ltr'>tione</span> <span class='ocrx_word' id='word_1_128' title='bbox 241 1279 460 1320; x_wconf 90' lang='lat' dir='ltr'>communi</span> <span class='ocrx_word' id='word_1_129' title='bbox 484 1279 671 1334; x_wconf 85' lang='lat' dir='ltr'>aliquem</span> <span class='ocrx_word' id='word_1_130' title='bbox 696 1293 785 1320; x_wconf 90' lang='lat' dir='ltr'>esse</span> <span class='ocrx_word' id='word_1_131' title='bbox 807 1279 1101 1320; x_wconf 87' lang='lat' dir='ltr'>sublimiorem</span> <span class='ocrx_word' id='word_1_132' title='bbox 1125 1284 1168 1320; x_wconf 90' lang='lat' dir='ltr'>et</span> <span class='ocrx_word' id='word_1_133' title='bbox 1190 1279 1493 1333; x_wconf 79' lang='lat' dir='ltr'>potentiorem,</span> <span class='ocrx_word' id='word_1_134' title='bbox 1519 1279 1641 1320; x_wconf 90' lang='lat' dir='ltr'>uelut</span> 
     </span>
     <span class='ocr_line' id='line_1_16' title="bbox 101 1359 1701 1413; baseline 0 -14"><span class='ocrx_word' id='word_1_135' title='bbox 101 1359 337 1413; x_wconf 87' lang='lat' dir='ltr'>principem</span> <span class='ocrx_word' id='word_1_136' title='bbox 368 1359 519 1400; x_wconf 89' lang='lat' dir='ltr'>mundi</span> <span class='ocrx_word' id='word_1_137' title='bbox 550 1359 766 1413; x_wconf 79' lang='lat' dir='ltr'>perfectae</span> <span class='ocrx_word' id='word_1_138' title='bbox 796 1359 1018 1413; x_wconf 89' lang='lat' dir='ltr'>potentiae</span> <span class='ocrx_word' id='word_1_139' title='bbox 1049 1364 1092 1399; x_wconf 90' lang='lat' dir='ltr'>et</span> <span class='ocrx_word' id='word_1_140' title='bbox 1121 1359 1390 1400; x_wconf 69' lang='lat' dir='ltr'>maiestatis?</span> <span class='ocrx_word' id='word_1_141' title='bbox 1452 1359 1566 1400; x_wconf 89' lang='lat' dir='ltr'>Nam</span> <span class='ocrx_word' id='word_1_142' title='bbox 1597 1365 1641 1400; x_wconf 88' lang='lat' dir='ltr'>et</span> <span class='ocrx_word' id='word_1_143' title='bbox 1661 1374 1701 1405; x_wconf 87' lang='lat'>15</span> 
     </span>
     <span class='ocr_line' id='line_1_17' title="bbox 100 1439 1641 1494; baseline -0.001 -14"><span class='ocrx_word' id='word_1_144' title='bbox 100 1439 160 1480; x_wconf 92' lang='lat' dir='ltr'>sic</span> <span class='ocrx_word' id='word_1_145' title='bbox 207 1439 399 1494; x_wconf 87' lang='lat' dir='ltr'>plerique</span> <span class='ocrx_word' id='word_1_146' title='bbox 445 1439 684 1494; x_wconf 89' lang='lat' dir='ltr'>disponunt</span> <span class='ocrx_word' id='word_1_147' title='bbox 731 1439 1021 1488; x_wconf 85' lang='lat' dir='ltr'>diuinitatem,</span> <span class='ocrx_word' id='word_1_148' title='bbox 1071 1444 1122 1480; x_wconf 91' lang='lat' dir='ltr'>ut</span> <span class='ocrx_word' id='word_1_149' title='bbox 1167 1439 1397 1493; x_wconf 84' lang='lat' dir='ltr'>imperium</span> <span class='ocrx_word' id='word_1_150' title='bbox 1445 1453 1641 1479; x_wconf 87' lang='lat' dir='ltr'>summae</span> 
     </span>
     <span class='ocr_line' id='line_1_18' title="bbox 102 1518 1638 1573; baseline 0.001 -14"><span class='ocrx_word' id='word_1_151' title='bbox 102 1518 410 1560; x_wconf 88' lang='lat' dir='ltr'>dominationis</span> <span class='ocrx_word' id='word_1_152' title='bbox 434 1533 523 1559; x_wconf 88' lang='lat' dir='ltr'>esse</span> <span class='ocrx_word' id='word_1_153' title='bbox 546 1532 676 1573; x_wconf 88' lang='lat' dir='ltr'>penes</span> <span class='ocrx_word' id='word_1_154' title='bbox 700 1532 848 1567; x_wconf 88' lang='lat' dir='ltr'>unum,</span> <span class='ocrx_word' id='word_1_155' title='bbox 875 1518 1014 1559; x_wconf 84' lang='lat' dir='ltr'>officia</span> <span class='ocrx_word' id='word_1_156' title='bbox 1038 1518 1128 1559; x_wconf 86' lang='lat' dir='ltr'>eius</span> <span class='ocrx_word' id='word_1_157' title='bbox 1149 1532 1281 1572; x_wconf 89' lang='lat' dir='ltr'>penes</span> <span class='ocrx_word' id='word_1_158' title='bbox 1304 1518 1466 1559; x_wconf 89' lang='lat' dir='ltr'>multos</span> <span class='ocrx_word' id='word_1_159' title='bbox 1488 1519 1638 1568; x_wconf 85' lang='lat' dir='ltr'>uelint,</span> 
     </span>
     <span class='ocr_line' id='line_1_19' title="bbox 101 1597 1642 1653; baseline 0.001 -15"><span class='ocrx_word' id='word_1_160' title='bbox 101 1603 152 1638; x_wconf 85' lang='lat' dir='ltr'>ut</span> <span class='ocrx_word' id='word_1_161' title='bbox 174 1598 300 1638; x_wconf 89' lang='lat' dir='ltr'>Plato</span> <span class='ocrx_word' id='word_1_162' title='bbox 324 1598 475 1639; x_wconf 89' lang='lat' dir='ltr'>Iouem</span> <span class='ocrx_word' id='word_1_163' title='bbox 499 1612 706 1653; x_wconf 88' lang='lat' dir='ltr'>magnum</span> <span class='ocrx_word' id='word_1_164' title='bbox 729 1598 773 1638; x_wconf 90' lang='lat' dir='ltr'>in</span> <span class='ocrx_word' id='word_1_165' title='bbox 796 1597 914 1638; x_wconf 80' lang='lat' dir='ltr'>caelo</span> <span class='ocrx_word' id='word_1_166' title='bbox 939 1597 1197 1638; x_wconf 89' lang='lat' dir='ltr'>comitatum</span> <span class='ocrx_word' id='word_1_167' title='bbox 1221 1598 1413 1638; x_wconf 82' lang='lat' dir='ltr'>exercitu</span> <span class='ocrx_word' id='word_1_168' title='bbox 1436 1597 1642 1639; x_wconf 84' lang='lat' dir='ltr'>describit</span> 
     </span>
     <span class='ocr_line' id='line_1_20' title="bbox 103 1678 1641 1733; baseline -0.001 -13"><span class='ocrx_word' id='word_1_169' title='bbox 103 1679 281 1720; x_wconf 88' lang='lat' dir='ltr'>deorum</span> <span class='ocrx_word' id='word_1_170' title='bbox 305 1679 466 1733; x_wconf 89' lang='lat' dir='ltr'>pariter</span> <span class='ocrx_word' id='word_1_171' title='bbox 488 1684 533 1720; x_wconf 91' lang='lat' dir='ltr'>et</span> <span class='ocrx_word' id='word_1_172' title='bbox 555 1679 831 1719; x_wconf 89' lang='lat' dir='ltr'>daemonum.</span> <span class='ocrx_word' id='word_1_173' title='bbox 891 1678 1049 1732; x_wconf 86' lang='lat' dir='ltr'>Itaque</span> <span class='ocrx_word' id='word_1_174' title='bbox 1073 1682 1270 1732; x_wconf 89' lang='lat' dir='ltr'>oportere</span> <span class='ocrx_word' id='word_1_175' title='bbox 1294 1682 1338 1718; x_wconf 92' lang='lat' dir='ltr'>et</span> <span class='ocrx_word' id='word_1_176' title='bbox 1360 1683 1641 1731; x_wconf 85' lang='lat' dir='ltr'>procurantes</span> 
     </span>
     <span class='ocr_line' id='line_1_21' title="bbox 105 1758 1705 1813; baseline 0 -14"><span class='ocrx_word' id='word_1_177' title='bbox 105 1764 148 1799; x_wconf 91' lang='lat' dir='ltr'>et</span> <span class='ocrx_word' id='word_1_178' title='bbox 187 1759 427 1813; x_wconf 81' lang='lat' dir='ltr'>praefectos</span> <span class='ocrx_word' id='word_1_179' title='bbox 468 1764 512 1800; x_wconf 92' lang='lat' dir='ltr'>et</span> <span class='ocrx_word' id='word_1_180' title='bbox 550 1759 766 1813; x_wconf 87' lang='lat' dir='ltr'>praesides</span> <span class='ocrx_word' id='word_1_181' title='bbox 806 1759 968 1813; x_wconf 87' lang='lat' dir='ltr'>pariter</span> <span class='ocrx_word' id='word_1_182' title='bbox 1006 1758 1177 1812; x_wconf 89' lang='lat' dir='ltr'>suspici.</span> <span class='ocrx_word' id='word_1_183' title='bbox 1237 1758 1297 1799; x_wconf 89' lang='lat' dir='ltr'>Et</span> <span class='ocrx_word' id='word_1_184' title='bbox 1336 1764 1484 1799; x_wconf 84' lang='lat' dir='ltr'>tamen</span> <span class='ocrx_word' id='word_1_185' title='bbox 1524 1758 1641 1813; x_wconf 86' lang='lat' dir='ltr'>quod</span> <span class='ocrx_word' id='word_1_186' title='bbox 1660 1776 1705 1799; x_wconf 91' lang='lat'>20</span> 
     </span>
     <span class='ocr_line' id='line_1_22' title="bbox 103 1837 1643 1893; baseline 0.001 -15"><span class='ocrx_word' id='word_1_187' title='bbox 103 1838 270 1879; x_wconf 86' lang='lat' dir='ltr'>facinus</span> <span class='ocrx_word' id='word_1_188' title='bbox 313 1839 512 1880; x_wconf 84' lang='lat' dir='ltr'>admittit</span> <span class='ocrx_word' id='word_1_189' title='bbox 555 1838 629 1893; x_wconf 87' lang='lat' dir='ltr'>qui</span> <span class='ocrx_word' id='word_1_190' title='bbox 672 1839 810 1893; x_wconf 89' lang='lat' dir='ltr'>magis</span> <span class='ocrx_word' id='word_1_191' title='bbox 852 1838 909 1879; x_wconf 89' lang='lat' dir='ltr'>ad</span> <span class='ocrx_word' id='word_1_192' title='bbox 952 1837 1177 1878; x_wconf 86' lang='lat' dir='ltr'>Caesarem</span> <span class='ocrx_word' id='word_1_193' title='bbox 1220 1838 1553 1891; x_wconf 89' lang='lat' dir='ltr'>promerendum</span> <span class='ocrx_word' id='word_1_194' title='bbox 1599 1844 1643 1879; x_wconf 91' lang='lat' dir='ltr'>et</span> 
     </span>
     <span class='ocr_line' id='line_1_23' title="bbox 105 1917 1643 1973; baseline 0 -14"><span class='ocrx_word' id='word_1_195' title='bbox 105 1932 279 1972; x_wconf 81' lang='lat' dir='ltr'>operam</span> <span class='ocrx_word' id='word_1_196' title='bbox 311 1924 355 1959; x_wconf 91' lang='lat' dir='ltr'>et</span> <span class='ocrx_word' id='word_1_197' title='bbox 385 1933 505 1973; x_wconf 89' lang='lat' dir='ltr'>spem</span> <span class='ocrx_word' id='word_1_198' title='bbox 536 1933 657 1959; x_wconf 88' lang='lat' dir='ltr'>suam</span> <span class='ocrx_word' id='word_1_199' title='bbox 690 1918 898 1959; x_wconf 82' lang='lat' dir='ltr'>transfert</span> <span class='ocrx_word' id='word_1_200' title='bbox 927 1932 1005 1958; x_wconf 91' lang='lat' dir='ltr'>nec</span> <span class='ocrx_word' id='word_1_201' title='bbox 1035 1917 1370 1972; x_wconf 84' lang='lat' dir='ltr'>appellationem</span> <span class='ocrx_word' id='word_1_202' title='bbox 1401 1918 1469 1959; x_wconf 91' lang='lat' dir='ltr'>dei</span> <span class='ocrx_word' id='word_1_203' title='bbox 1498 1919 1561 1959; x_wconf 90' lang='lat' dir='ltr'>ita</span> <span class='ocrx_word' id='word_1_204' title='bbox 1592 1923 1643 1959; x_wconf 89' lang='lat' dir='ltr'>ut</span> 
     </span>
     <span class='ocr_line' id='line_1_24' title="bbox 103 1996 1642 2053; baseline 0 -14"><span class='ocrx_word' id='word_1_205' title='bbox 103 1999 376 2052; x_wconf 88' lang='lat' dir='ltr'>imperatoris</span> <span class='ocrx_word' id='word_1_206' title='bbox 412 1999 454 2039; x_wconf 92' lang='lat' dir='ltr'>in</span> <span class='ocrx_word' id='word_1_207' title='bbox 495 1999 640 2053; x_wconf 87' lang='lat' dir='ltr'>aliquo</span> <span class='ocrx_word' id='word_1_208' title='bbox 678 1998 871 2053; x_wconf 87' lang='lat' dir='ltr'>principe</span> <span class='ocrx_word' id='word_1_209' title='bbox 909 1996 1152 2047; x_wconf 81' lang='lat' dir='ltr'>confitetur,</span> <span class='ocrx_word' id='word_1_210' title='bbox 1193 2012 1291 2038; x_wconf 90' lang='lat' dir='ltr'>cum</span> <span class='ocrx_word' id='word_1_211' title='bbox 1330 1999 1515 2053; x_wconf 88' lang='lat' dir='ltr'>capitale</span> <span class='ocrx_word' id='word_1_212' title='bbox 1554 2013 1642 2040; x_wconf 90' lang='lat' dir='ltr'>esse</span> 
     </span>
     <span class='ocr_line' id='line_1_25' title="bbox 104 2078 1643 2133; baseline 0.001 -14"><span class='ocrx_word' id='word_1_213' title='bbox 104 2079 318 2119; x_wconf 87' lang='lat' dir='ltr'>iudicetur</span> <span class='ocrx_word' id='word_1_214' title='bbox 347 2079 479 2120; x_wconf 88' lang='lat' dir='ltr'>alium</span> <span class='ocrx_word' id='word_1_215' title='bbox 510 2084 680 2133; x_wconf 90' lang='lat' dir='ltr'>praeter</span> <span class='ocrx_word' id='word_1_216' title='bbox 710 2079 935 2120; x_wconf 81' lang='lat' dir='ltr'>Caesarem</span> <span class='ocrx_word' id='word_1_217' title='bbox 967 2084 1011 2119; x_wconf 92' lang='lat' dir='ltr'>et</span> <span class='ocrx_word' id='word_1_218' title='bbox 1040 2078 1179 2119; x_wconf 88' lang='lat' dir='ltr'>dicere</span> <span class='ocrx_word' id='word_1_219' title='bbox 1210 2083 1253 2119; x_wconf 92' lang='lat' dir='ltr'>et</span> <span class='ocrx_word' id='word_1_220' title='bbox 1282 2079 1457 2120; x_wconf 76' lang='lat' dir='ltr'>audire?</span> <span class='ocrx_word' id='word_1_221' title='bbox 1519 2079 1643 2120; x_wconf 83' lang='lat' dir='ltr'>Colat</span> 
     </span>
     <span class='ocr_line' id='line_1_26' title="bbox 106 2157 1704 2212; baseline -0.001 -14"><span class='ocrx_word' id='word_1_222' title='bbox 106 2158 214 2198; x_wconf 86' lang='lat' dir='ltr'>alius</span> <span class='ocrx_word' id='word_1_223' title='bbox 229 2158 371 2207; x_wconf 81' lang='lat' dir='ltr'>deum,</span> <span class='ocrx_word' id='word_1_224' title='bbox 390 2159 498 2199; x_wconf 86' lang='lat' dir='ltr'>alius</span> <span class='ocrx_word' id='word_1_225' title='bbox 513 2159 677 2207; x_wconf 80' lang='lat' dir='ltr'>Iouem,</span> <span class='ocrx_word' id='word_1_226' title='bbox 696 2158 804 2198; x_wconf 88' lang='lat' dir='ltr'>alius</span> <span class='ocrx_word' id='word_1_227' title='bbox 820 2158 876 2198; x_wconf 91' lang='lat' dir='ltr'>ad</span> <span class='ocrx_word' id='word_1_228' title='bbox 892 2157 1057 2198; x_wconf 89' lang='lat' dir='ltr'>caelum</span> <span class='ocrx_word' id='word_1_229' title='bbox 1074 2172 1228 2198; x_wconf 90' lang='lat' dir='ltr'>manus</span> <span class='ocrx_word' id='word_1_230' title='bbox 1244 2158 1457 2212; x_wconf 89' lang='lat' dir='ltr'>supplices</span> <span class='ocrx_word' id='word_1_231' title='bbox 1473 2158 1639 2208; x_wconf 82' lang='lat' dir='ltr'>tendat,</span> <span class='ocrx_word' id='word_1_232' title='bbox 1661 2162 1704 2205; x_wconf 78' lang='lat'>&#39;25</span> 
     </span>
     <span class='ocr_line' id='line_1_27' title="bbox 106 2236 1640 2291; baseline 0.001 -14"><span class='ocrx_word' id='word_1_233' title='bbox 106 2238 214 2278; x_wconf 89' lang='lat' dir='ltr'>alius</span> <span class='ocrx_word' id='word_1_234' title='bbox 235 2238 290 2278; x_wconf 88' lang='lat' dir='ltr'>ad</span> <span class='ocrx_word' id='word_1_235' title='bbox 311 2252 430 2277; x_wconf 89' lang='lat' dir='ltr'>aram</span> <span class='ocrx_word' id='word_1_236' title='bbox 452 2237 586 2287; x_wconf 81' lang='lat' dir='ltr'>Fidei,</span> <span class='ocrx_word' id='word_1_237' title='bbox 610 2237 730 2287; x_wconf 80' lang='lat' dir='ltr'>alius,</span> <span class='ocrx_word' id='word_1_238' title='bbox 755 2237 788 2277; x_wconf 92' lang='lat' dir='ltr'>si</span> <span class='ocrx_word' id='word_1_239' title='bbox 810 2237 891 2277; x_wconf 87' lang='lat' dir='ltr'>hoc</span> <span class='ocrx_word' id='word_1_240' title='bbox 916 2237 1094 2291; x_wconf 81' lang='lat' dir='ltr'>putatis,</span> <span class='ocrx_word' id='word_1_241' title='bbox 1118 2236 1255 2277; x_wconf 90' lang='lat' dir='ltr'>nubes</span> <span class='ocrx_word' id='word_1_242' title='bbox 1280 2242 1477 2278; x_wconf 89' lang='lat' dir='ltr'>numeret</span> <span class='ocrx_word' id='word_1_243' title='bbox 1501 2252 1640 2286; x_wconf 90' lang='lat' dir='ltr'>orans,</span> 
     </span>
     <span class='ocr_line' id='line_1_28' title="bbox 108 2317 1640 2367; baseline 0 -10"><span class='ocrx_word' id='word_1_244' title='bbox 108 2317 216 2358; x_wconf 85' lang='lat' dir='ltr'>alius</span> <span class='ocrx_word' id='word_1_245' title='bbox 238 2318 469 2367; x_wconf 86' lang='lat' dir='ltr'>lacunaria,</span> <span class='ocrx_word' id='word_1_246' title='bbox 496 2318 604 2358; x_wconf 88' lang='lat' dir='ltr'>alius</span> <span class='ocrx_word' id='word_1_247' title='bbox 627 2332 750 2358; x_wconf 85' lang='lat' dir='ltr'>suam</span> <span class='ocrx_word' id='word_1_248' title='bbox 774 2318 965 2358; x_wconf 89' lang='lat' dir='ltr'>animam</span> <span class='ocrx_word' id='word_1_249' title='bbox 989 2317 1068 2357; x_wconf 91' lang='lat' dir='ltr'>deo</span> <span class='ocrx_word' id='word_1_250' title='bbox 1092 2331 1169 2357; x_wconf 90' lang='lat' dir='ltr'>suo</span> <span class='ocrx_word' id='word_1_251' title='bbox 1193 2323 1366 2367; x_wconf 84' lang='lat' dir='ltr'>uoueat,</span> <span class='ocrx_word' id='word_1_252' title='bbox 1392 2317 1499 2358; x_wconf 89' lang='lat' dir='ltr'>alius</span> <span class='ocrx_word' id='word_1_253' title='bbox 1523 2317 1640 2358; x_wconf 86' lang='lat' dir='ltr'>hirci.</span> 
     </span>
     <span class='ocr_line' id='line_1_29' title="bbox 109 2398 1641 2453; baseline 0 -15"><span class='ocrx_word' id='word_1_254' title='bbox 109 2398 264 2439; x_wconf 85' lang='lat' dir='ltr'>Videte</span> <span class='ocrx_word' id='word_1_255' title='bbox 297 2399 410 2438; x_wconf 86' lang='lat' dir='ltr'>enim</span> <span class='ocrx_word' id='word_1_256' title='bbox 444 2413 497 2439; x_wconf 90' lang='lat' dir='ltr'>ne</span> <span class='ocrx_word' id='word_1_257' title='bbox 531 2404 576 2439; x_wconf 89' lang='lat' dir='ltr'>et</span> <span class='ocrx_word' id='word_1_258' title='bbox 609 2399 690 2439; x_wconf 91' lang='lat' dir='ltr'>hoc</span> <span class='ocrx_word' id='word_1_259' title='bbox 723 2398 779 2439; x_wconf 86' lang='lat' dir='ltr'>ad</span> <span class='ocrx_word' id='word_1_260' title='bbox 812 2398 1149 2453; x_wconf 82' lang='lat' dir='ltr'>inreligiositatis</span> <span class='ocrx_word' id='word_1_261' title='bbox 1183 2398 1366 2453; x_wconf 89' lang='lat' dir='ltr'>elogium</span> <span class='ocrx_word' id='word_1_262' title='bbox 1401 2403 1641 2447; x_wconf 88' lang='lat' dir='ltr'>concurrat,</span> 
     </span>
     <span class='ocr_line' id='line_1_30' title="bbox 110 2478 1641 2533; baseline 0 -15"><span class='ocrx_word' id='word_1_263' title='bbox 110 2478 297 2518; x_wconf 85' lang='lat' dir='ltr'>adimere</span> <span class='ocrx_word' id='word_1_264' title='bbox 315 2478 561 2518; x_wconf 88' lang='lat' dir='ltr'>libertatem</span> <span class='ocrx_word' id='word_1_265' title='bbox 579 2478 793 2533; x_wconf 89' lang='lat' dir='ltr'>religionis</span> <span class='ocrx_word' id='word_1_266' title='bbox 811 2483 856 2518; x_wconf 90' lang='lat' dir='ltr'>et</span> <span class='ocrx_word' id='word_1_267' title='bbox 872 2478 1126 2518; x_wconf 88' lang='lat' dir='ltr'>interdicere</span> <span class='ocrx_word' id='word_1_268' title='bbox 1145 2478 1366 2532; x_wconf 87' lang='lat' dir='ltr'>optionem</span> <span class='ocrx_word' id='word_1_269' title='bbox 1385 2478 1641 2526; x_wconf 87' lang='lat' dir='ltr'>diuinitatis,</span> 
     </span>
     <span class='ocr_line' id='line_1_31' title="bbox 111 2557 1707 2612; baseline -0.001 -16"><span class='ocrx_word' id='word_1_270' title='bbox 111 2562 161 2597; x_wconf 85' lang='lat' dir='ltr'>ut</span> <span class='ocrx_word' id='word_1_271' title='bbox 190 2571 276 2597; x_wconf 89' lang='lat' dir='ltr'>non</span> <span class='ocrx_word' id='word_1_272' title='bbox 303 2557 431 2597; x_wconf 82' lang='lat' dir='ltr'>liceat</span> <span class='ocrx_word' id='word_1_273' title='bbox 460 2557 564 2597; x_wconf 89' lang='lat' dir='ltr'>mihi</span> <span class='ocrx_word' id='word_1_274' title='bbox 594 2557 729 2597; x_wconf 88' lang='lat' dir='ltr'>colere</span> <span class='ocrx_word' id='word_1_275' title='bbox 759 2571 888 2611; x_wconf 85' lang='lat' dir='ltr'>quem</span> <span class='ocrx_word' id='word_1_276' title='bbox 916 2557 1059 2606; x_wconf 83' lang='lat' dir='ltr'>uelim,</span> <span class='ocrx_word' id='word_1_277' title='bbox 1091 2557 1166 2597; x_wconf 89' lang='lat' dir='ltr'>sed</span> <span class='ocrx_word' id='word_1_278' title='bbox 1195 2571 1322 2612; x_wconf 87' lang='lat' dir='ltr'>cogar</span> <span class='ocrx_word' id='word_1_279' title='bbox 1351 2558 1486 2597; x_wconf 89' lang='lat' dir='ltr'>colere</span> <span class='ocrx_word' id='word_1_280' title='bbox 1515 2571 1643 2611; x_wconf 86' lang='lat' dir='ltr'>quem</span> <span class='ocrx_word' id='word_1_281' title='bbox 1663 2573 1707 2604; x_wconf 88' lang='lat'>30</span> 
     </span>
     <span class='ocr_line' id='line_1_32' title="bbox 113 2637 1645 2691; baseline 0.001 -15"><span class='ocrx_word' id='word_1_282' title='bbox 113 2637 258 2677; x_wconf 88' lang='lat' dir='ltr'>nolim.</span> <span class='ocrx_word' id='word_1_283' title='bbox 319 2637 456 2677; x_wconf 91' lang='lat' dir='ltr'>Nemo</span> <span class='ocrx_word' id='word_1_284' title='bbox 478 2652 521 2677; x_wconf 89' lang='grc'>80</span> <span class='ocrx_word' id='word_1_285' title='bbox 541 2637 596 2678; x_wconf 88' lang='lat' dir='ltr'>ab</span> <span class='ocrx_word' id='word_1_286' title='bbox 616 2638 755 2678; x_wconf 91' lang='lat' dir='ltr'>inuito</span> <span class='ocrx_word' id='word_1_287' title='bbox 777 2637 856 2678; x_wconf 90' lang='lat' dir='ltr'>coli</span> <span class='ocrx_word' id='word_1_288' title='bbox 876 2637 1006 2686; x_wconf 85' lang='lat' dir='ltr'>uolet,</span> <span class='ocrx_word' id='word_1_289' title='bbox 1029 2651 1082 2678; x_wconf 92' lang='lat' dir='ltr'>ne</span> <span class='ocrx_word' id='word_1_290' title='bbox 1102 2637 1231 2678; x_wconf 89' lang='lat' dir='ltr'>homo</span> <span class='ocrx_word' id='word_1_291' title='bbox 1252 2637 1439 2691; x_wconf 86' lang='lat' dir='ltr'>quidem.</span> <span class='ocrx_word' id='word_1_292' title='bbox 1499 2638 1645 2691; x_wconf 87' lang='lat' dir='ltr'>Atque</span> 
     </span>
     <span class='ocr_line' id='line_1_33' title="bbox 114 2715 1646 2770; baseline 0.001 -15"><span class='ocrx_word' id='word_1_293' title='bbox 114 2715 220 2756; x_wconf 82' lang='lat' dir='ltr'>adeo</span> <span class='ocrx_word' id='word_1_294' title='bbox 238 2721 281 2756; x_wconf 90' lang='lat' dir='ltr'>et</span> <span class='ocrx_word' id='word_1_295' title='bbox 296 2716 521 2770; x_wconf 80' lang='lat' dir='ltr'>Aegyptiis</span> <span class='ocrx_word' id='word_1_296' title='bbox 541 2716 747 2770; x_wconf 87' lang='lat' dir='ltr'>permissa</span> <span class='ocrx_word' id='word_1_297' title='bbox 765 2721 830 2757; x_wconf 89' lang='lat' dir='ltr'>est</span> <span class='ocrx_word' id='word_1_298' title='bbox 844 2720 938 2756; x_wconf 90' lang='lat' dir='ltr'>tam</span> <span class='ocrx_word' id='word_1_299' title='bbox 954 2730 1094 2757; x_wconf 88' lang='lat' dir='ltr'>uanae</span> <span class='ocrx_word' id='word_1_300' title='bbox 1113 2716 1432 2770; x_wconf 87' lang='lat' dir='ltr'>superstitionis</span> <span class='ocrx_word' id='word_1_301' title='bbox 1451 2721 1646 2770; x_wconf 86' lang='lat' dir='ltr'>potestas</span> 
     </span>
    </p>
   </div>
  </div>
 </body>
</html>
