1827 3004
134 106 187 144 44
704 101 1103 144 TERTVLLIANI

134 220 610 274 instrumentorumque
658 219 954 259 communium
1001 217 1069 257 uel
1117 230 1169 257 ex
1216 216 1353 256 isdem
1400 215 1585 256 uasculis
1633 220 1677 255 et

135 297 436 337 instrumentis
488 297 611 350 quasi
663 296 805 336 fatum
857 294 1178 335 consecratione
1230 298 1453 333 mutantes
1503 292 1676 333 licentia

136 375 242 414 artis
279 374 627 427 transfigurante,
667 378 710 412 et
747 372 921 425 quidem
959 371 1389 411 contumeliosissime
1426 375 1469 411 et
1504 370 1548 410 in
1584 369 1677 423 ipso

138 466 264 505 opere
287 452 500 505 sacrilege,
526 457 576 491 ut
598 465 746 491 reuera
769 450 893 490 nobis
916 449 1117 498 maxime,
1144 449 1217 502 qui
1240 453 1417 502 propter
1438 448 1553 501 ipsos
1576 446 1678 487 deos

137 529 378 582 plectimur,
410 528 613 568 solatium
644 541 882 581 poenarum
912 518 1001 566 esse
1031 526 1168 579 possit
1197 525 1314 580 quod
1345 525 1495 566 eadem
1526 530 1569 565 et
1597 524 1679 578 ipsi
1697 538 1718 569 5

137 606 367 659 patiuntur
386 611 436 646 ut
455 606 576 646 fiant.
638 605 845 645 Crucibus
866 609 909 644 et
928 603 1151 657 stipitibus
1169 604 1379 657 inponitis
1399 603 1677 644 Christianos.

140 682 265 731 Quod
299 682 577 722 simulacrum
610 696 697 722 non
732 682 850 735 prius
883 681 1031 735 argilla
1065 679 1283 721 deformat
1316 680 1430 720 cruci
1465 685 1508 720 et
1541 678 1680 733 stipiti

138 760 462 813 superstructa?
505 759 549 800 in
574 759 771 813 patibulo
797 759 986 812 primum
1011 772 1165 812 corpus
1190 758 1258 798 dei
1282 758 1415 798 uestri
1440 757 1678 798 dedicatur.

140 837 322 891 Ungulis
360 837 568 878 deraditis
604 837 742 877 latera
780 836 1136 877 Christianorum.
1196 835 1256 876 At
1292 835 1335 875 in
1375 835 1477 875 deos
1514 839 1682 874 uestros
1739 855 1743 859 «

141 929 216 969 per
247 915 392 955 omnia
423 915 618 956 membra
649 914 835 955 ualidius
865 913 1127 954 incumbunt
1158 914 1297 954 asciae
1329 919 1373 954 et
1403 913 1608 954 runcinae
1639 916 1683 952 et
1704 930 1747 952 10

140 991 354 1033 scobinae.
415 992 610 1033 Ceruices
640 992 854 1045 ponimus.
915 991 1030 1031 Ante
1060 990 1289 1045 plumbum
1320 995 1363 1031 et
1393 990 1609 1044 glutinum
1640 994 1683 1029 et

138 1069 350 1123 gomphos
381 1069 471 1110 sine
503 1070 644 1123 capite
676 1074 779 1109 sunt
809 1068 878 1109 dei
909 1068 1055 1109 uestri.
1116 1068 1185 1108 Ad
1219 1068 1377 1109 bestias
1407 1067 1680 1121 impellimur.

141 1146 266 1186 Certe
301 1161 409 1200 quas
444 1146 598 1186 Libero
635 1151 678 1186 et
713 1146 871 1199 Cybele
907 1151 950 1186 et
985 1145 1168 1186 Caelesti
1203 1145 1444 1200 applicatis.
1505 1143 1684 1199 Ignibus

143 1223 319 1264 urimur.
380 1223 476 1263 Hoc
523 1228 566 1264 et
610 1223 670 1263 illi
716 1238 740 1263 a
786 1223 926 1277 prima
973 1223 1148 1277 quidem
1194 1237 1349 1285 massa.
1410 1223 1461 1263 In
1508 1220 1684 1262 metalla

141 1300 414 1340 damnamur.
476 1300 583 1340 Inde
613 1306 842 1341 censentur
870 1300 937 1340 dei
966 1301 1112 1341 uestri.
1173 1300 1226 1340 In
1253 1299 1403 1340 insulis
1431 1299 1682 1353 relegamur.
1707 1317 1748 1348 15

144 1377 263 1417 Solet
285 1383 328 1417 et
349 1377 393 1417 in
415 1377 555 1417 insula
577 1377 710 1431 aliqui
733 1377 838 1418 deus
860 1383 1003 1418 uester
1025 1383 1103 1418 aut
1123 1377 1241 1418 nasci
1264 1382 1342 1417 aut
1363 1376 1484 1417 mori.
1546 1375 1589 1416 Si
1611 1389 1686 1429 per

146 1453 250 1494 haec
271 1459 444 1495 constat
464 1454 671 1494 diuinitas
692 1455 850 1508 aliqua,
874 1469 972 1509 ergo
994 1455 1067 1509 qui
1088 1454 1342 1509 puniuntur,
1365 1457 1684 1501 consecrantur,

145 1536 189 1571 et
222 1531 400 1571 numina
435 1536 562 1572 erunt
595 1531 777 1572 dicenda
810 1532 1034 1586 supplicia.
1095 1531 1179 1572 Sed
1211 1531 1339 1586 plane
1371 1545 1459 1571 non
1492 1530 1688 1571 sentiunt

146 1608 223 1649 has
251 1609 428 1650 iniurias
458 1614 501 1649 et
530 1609 815 1650 contumelias
844 1609 1141 1650 fabricationis
1169 1623 1272 1649 suae
1301 1608 1369 1649 dei
1398 1608 1544 1656 uestri,
1576 1607 1689 1647 sicut

145 1700 222 1726 nec
252 1685 471 1740 obsequia.
534 1686 568 1727 O
597 1687 756 1740 impiae
785 1701 925 1736 uoces,
957 1701 981 1727 o
1010 1685 1214 1741 sacrilega
1244 1685 1460 1726 conuicia!
1520 1684 1686 1724 Infren-
1708 1703 1753 1725 20

144 1762 247 1811 dite,
274 1762 544 1816 inspumate!
606 1763 729 1803 Idem
755 1763 857 1803 estis
882 1763 955 1817 qui
981 1762 1187 1803 Senecam
1212 1761 1400 1816 aliquem
1425 1760 1621 1815 pluribus
1646 1765 1689 1800 et

146 1838 431 1879 amarioribus
456 1839 509 1879 de
535 1845 681 1880 uestra
706 1840 1013 1893 superstitione
1039 1844 1313 1894 perorantem
1338 1837 1686 1892 reprehendistis.

145 1915 285 1969 Igitur
331 1916 365 1956 si
411 1921 582 1956 statuas
629 1921 672 1956 et
717 1916 925 1971 imagines
971 1916 1148 1971 frigidas
1194 1920 1466 1955 mortuorum
1512 1927 1689 1954 suorum

145 1996 384 2036 simillimas
425 2011 512 2036 non
553 1996 797 2045 adoramus,
842 2012 950 2050 quas
992 1997 1112 2037 milui
1154 2001 1197 2036 et
1238 2010 1380 2036 mures
1422 2000 1465 2035 et
1506 2008 1689 2034 araneae

146 2076 416 2130 intellegunt,
461 2091 604 2117 nonne
645 2077 819 2117 laudem
862 2077 997 2131 magis
1040 2092 1172 2131 quam
1214 2091 1399 2130 poenam
1442 2076 1690 2115 merebatur
1709 2094 1752 2124 25

146 2156 376 2210 repudium
408 2157 544 2211 agniti
581 2157 758 2198 erroris?
821 2158 1056 2198 Possumus
1092 2157 1206 2198 enim
1242 2157 1378 2197 uideri
1413 2156 1581 2196 laedere
1618 2169 1689 2195 eos

149 2250 257 2289 quos
289 2236 394 2276 certi
425 2251 574 2277 sumus
605 2237 780 2278 omnino
812 2252 899 2277 non
931 2238 1047 2278 esse?
1111 2236 1236 2285 Quod
1266 2251 1354 2276 non
1386 2240 1462 2284 est,
1497 2235 1601 2275 nihil
1633 2234 1688 2274 ab

149 2315 235 2355 ullo
267 2316 445 2369 patitur,
479 2317 580 2370 quia
611 2332 697 2357 non
729 2322 806 2357 est.

234 2445 306 2487 13.
368 2445 451 2485 Sed
480 2445 605 2486 nobis
633 2446 701 2486 dei
731 2451 846 2495 sunt,
878 2446 1034 2500 inquis.
1095 2446 1154 2486 Et
1184 2445 1402 2500 quomodo
1432 2459 1511 2485 uos
1541 2459 1562 2484 e
1592 2459 1688 2485 con-

150 2525 283 2565 trario
312 2526 433 2579 impii
463 2531 506 2566 et
535 2526 726 2581 sacrilegi
757 2532 800 2567 et
828 2527 1057 2581 inreligiosi
1087 2541 1186 2581 erga
1215 2526 1317 2567 deos
1346 2530 1513 2565 uestros
1542 2524 1688 2578 depre-
1710 2542 1755 2572 30

152 2604 400 2654 hendimini,
431 2606 516 2658 qui,
547 2620 654 2659 quos
681 2606 955 2659 praesumitis
982 2620 1084 2655 esse,
1112 2605 1348 2660 neglegitis,
1378 2619 1485 2659 quos
1511 2604 1687 2653 timetis,

150 2683 385 2732 destruitis,
426 2699 533 2737 quos
571 2685 703 2724 etiam
740 2685 985 2734 uindicatiS,
1024 2685 1246 2725 inluditis2
1308 2684 1619 2738 Recognoscite
1656 2685 1690 2724 si

151 2763 349 2803 mentior.
410 2763 553 2803 Primo
591 2764 779 2817 quidem,
819 2779 917 2805 cum
954 2765 1022 2805 alii
1062 2765 1167 2805 alios
1204 2764 1355 2813 colitis,
1394 2764 1545 2818 utique
1582 2778 1691 2817 quos
