1827 3004
227 90 306 129 466
789 88 1189 129 TERTVLLIANI
1414 90 1471 143 [p.
1498 92 1578 130 138
1600 90 1627 131 l.
1652 92 1759 130 31-

313 217 349 256 p.
386 204 466 242 138
498 202 521 241 1.
555 203 605 241 31
642 212 995 241 EXPVNGENDVM
1029 216 1059 242 C.
1094 203 1144 241 21
1180 216 1217 256 p.
1253 202 1305 242 70
1338 202 1360 242 l.
1387 204 1449 242 15.
1504 203 1626 258 Kaye
1658 204 1752 245 347.

312 286 350 325 p.
386 272 468 311 140
498 271 521 310 1.
556 273 580 310 4
614 270 736 325 Kaye
770 272 949 311 268-9.

313 355 350 395 p.
388 341 469 380 140
502 339 524 380 l.
560 342 583 380 6
616 350 1100 379 SVBMINISTRATIONEM
1133 339 1243 381 Adu.
1277 339 1403 380 Mare.
1438 351 1486 380 iv
1520 342 1572 381 39
1603 356 1639 395 p.
1674 344 1756 382 554

226 409 248 448 l.
275 411 323 448 11
352 408 425 448 Kr.
487 408 634 448 Ambr.
658 407 724 448 De
748 407 1011 463 Virginitate
1040 406 1059 464 ξ
1086 410 1167 449 100
1196 410 1487 463 pecuniarum.
1550 410 1756 451 Hexaem.

186 494 202 524 5
227 480 249 518 5
282 476 300 533 ξ
333 479 397 518 61.
460 476 664 517 Victorin.
688 476 731 517 in
762 476 945 532 Philipp.
979 489 994 517 Ι
1023 479 1086 518 15.
1149 477 1267 518 Hier.
1291 477 1336 518 in
1360 478 1466 533 Eph.
1492 490 1526 518 ΙΙ
1548 481 1599 531 (ο.
1623 481 1649 519 4
1674 481 1756 531 16).

224 547 334 602 Aug.
371 545 587 587 Enchirid.
623 545 675 586 27
691 561 723 587 C.
786 546 910 601 Resp.
949 546 1103 588 Iulian.
1137 559 1171 587 ΙΙ
1205 550 1297 589 146.
1361 548 1470 589 Iren.
1503 550 1633 603 praef.
1665 548 1684 605 ἓ
1718 551 1755 591 3.

224 615 422 670 Fngenb.
446 630 476 655 c.
500 614 602 655 Fab.
626 615 671 655 fr.
696 617 720 656 3
743 629 780 670 p.
807 614 888 656 756
912 615 1059 670 Migne
1082 615 1157 656 bis.
1210 615 1263 656 ib.
1288 616 1333 656 fr.
1358 618 1421 657 30.
1479 617 1597 670 [Add
1615 617 1755 659 Rufin.

223 686 248 725 3
270 685 394 725 other
415 699 505 725 exx.
530 685 575 725 fr.
599 684 709 739 Aug.
733 684 777 724 in
800 683 947 726 CSEL
970 696 1030 724 LX
1052 685 1192 725 index.
1255 685 1304 725 A.
1321 684 1381 738 S]

310 764 813 794 INCORRVPTIBILITATIS
856 754 962 794 lexx.
1002 753 1109 794 have
1151 754 1239 795 this
1281 769 1342 795 ex.
1386 755 1469 795 and
1511 770 1590 795 one
1633 756 1756 797 other

161 837 202 858 10
222 823 268 862 of
304 823 434 863 Tem:
472 823 552 863 add
591 823 698 864 Adu.
732 823 901 863 Valent.
937 824 989 862 14
1021 838 1059 878 p.
1095 824 1176 864 193
1215 823 1237 863 1.
1274 825 1298 864 6
1333 823 1407 864 Kr.
1478 823 1547 864 Ad
1580 824 1704 865 onr.
1739 837 1753 865 Ι

223 890 244 931 7
268 906 327 946 pr.
391 891 501 947 Aug.
532 906 595 946 ep.
625 893 706 932 148
742 894 791 931 11
816 906 875 946 pr.
938 891 1003 932 De
1036 891 1235 933 Trinitat.
1270 904 1317 931 IV
1349 890 1444 947 §24
1466 893 1536 933 fin.
1598 893 1750 935 Collat.

219 974 317 1000 eum
350 960 524 1001 Maxim.
558 960 671 1002 Max.
702 959 797 1015 §14
829 961 946 1012 (XLII
978 960 1060 1001 732
1094 961 1118 1002 l.
1154 963 1173 1001 1
1210 960 1388 1015 Migne).
1452 961 1634 1003 R'cinsch.
1658 962 1752 1003 217.

221 1032 240 1068 1
292 1030 381 1070 Pet.
426 1032 451 1070 3
504 1032 529 1070 4
577 1029 890 1085 (Sibzungsber.
935 1030 972 1070 d.
1019 1030 1160 1085 bayer.
1208 1030 1344 1070 Akad.
1399 1030 1508 1072 1876
1553 1032 1752 1084 630—1).

218 1097 327 1138 Iren.
375 1099 406 1152 [1
449 1100 503 1139 30
544 1097 658 1153 511.
721 1099 770 1138 A.
793 1098 854 1151 S]
905 1110 957 1138 111
1003 1101 1051 1138 11
1091 1096 1110 1153 ξ
1151 1100 1186 1138 8.
1240 1110 1288 1138 IV
1330 1100 1384 1140 38
1422 1097 1507 1154 §4
1570 1101 1623 1140 39
1666 1097 1753 1155 §4

156 1187 195 1217 15
218 1179 246 1207 V
281 1170 304 1208 2
336 1167 354 1224 ξ
387 1171 422 1210 2.
467 1171 518 1209 13
550 1168 568 1224 ξ
599 1171 624 1209 3
656 1168 731 1209 bis.
795 1167 943 1209 Claud.
980 1169 1106 1209 Mam.
1134 1168 1213 1208 An.
1244 1180 1259 1208 Ι
1291 1171 1315 1209 3
1346 1168 1408 1209 17.
1471 1169 1593 1223 [Also
1616 1169 1751 1211 Lucif.

216 1237 384 1278 Ambst.
410 1238 550 1278 Rufin.
576 1238 715 1293 Pelag.
740 1237 981 1292 δώῃ-8611.
1005 1238 1144 1279 Auell.
1197 1238 1247 1278 A.
1263 1238 1325 1291 S]

301 1322 338 1362 p.
366 1309 448 1347 140
474 1307 496 1347 1.
521 1309 546 1347 8
569 1317 768 1347 HVMANO
790 1306 953 1361 efiiyni
973 1306 1156 1347 humano
1178 1322 1209 1347 e.
1233 1307 1286 1347 37
1311 1322 1349 1362 p.
1376 1309 1456 1348 108
1482 1308 1504 1348 l.
1528 1310 1564 1348 4.

301 1391 338 1430 p.
369 1378 447 1417 140
480 1376 503 1416 l.
530 1378 582 1417 10
615 1387 852 1416 ERVCTANS
888 1376 999 1431 Aug.
1033 1376 1098 1417 De
1134 1375 1227 1418 Ciu.
1262 1376 1343 1417 Dei
1377 1388 1480 1417 XXII
1516 1380 1565 1418 11
1602 1393 1639 1433 p.
1666 1378 1747 1419 587

214 1445 237 1485 1.
263 1447 314 1486 16
331 1445 398 1486 D.3
418 1460 527 1487 nnnc
557 1461 656 1487 'nero
687 1461 769 1487 non.
799 1446 935 1487 solam
965 1446 1009 1486 in
1032 1447 1169 1494 terris,
1190 1461 1339 1487 aeram
1364 1447 1492 1488 etiam
1520 1447 1593 1488 snb
1625 1447 1751 1488 terris

151 1529 193 1551 20
213 1516 273 1556 ita
297 1521 364 1564 est,
391 1521 432 1556 at
453 1530 545 1556 eam
568 1521 747 1557 eructent
765 1516 936 1557 uertices
958 1516 1171 1556 montium.

301 1596 394 1625 NON
438 1596 636 1625 ABSVMIT
683 1584 886 1625 Prudent.
920 1584 1162 1640 Hamarhig.
1196 1587 1279 1626 838
1322 1592 1503 1640 carpant
1544 1592 1749 1628 tormenta

201 1654 431 1708 fonentqae
464 1653 687 1694 materiam
718 1654 806 1694 sine
829 1653 917 1707 fine
938 1653 1098 1700 datam,
1119 1668 1233 1694 mors
1254 1653 1406 1694 deserit
1433 1654 1528 1708 ipsa
1560 1661 1749 1696 aeternos

209 1723 388 1778 yemitns
408 1723 616 1778 aeflentes
641 1724 781 1764 ainere
803 1723 918 1777 cogit.
964 1721 1152 1764 Cassiod.
1171 1722 1215 1763 in
1240 1722 1391 1763 Psalm.
1418 1723 1582 1776 [20,10.
1606 1724 1653 1765 R.
1664 1724 1748 1778 W]

213 1793 395 1833 absumit
422 1798 468 1833 ut
498 1798 643 1841 seruet,
671 1793 730 1833 sic
758 1792 889 1833 seruit
920 1798 965 1833 ut
997 1793 1160 1841 cruciet,
1189 1792 1437 1847 dabiturque
1464 1793 1630 1834 miseris
1660 1794 1747 1834 uita

149 1873 189 1904 25
211 1861 470 1902 immortalis
491 1867 527 1902 et
542 1875 680 1915 poena
701 1861 923 1902 sernatrix.

298 1946 336 1986 p.
373 1932 454 1971 140
488 1930 510 1970 l.
547 1933 595 1969 11
632 1941 811 1970 EROGAT
847 1929 1014 1985 spends.
1077 1944 1107 1970 c.
1141 1930 1196 1969 44
1229 1944 1288 1984 pr.
1321 1944 1415 1970 eam
1447 1935 1503 1970 tot
1534 1930 1638 1971 iusti
1668 1932 1748 1971 ini-

206 2000 446 2055 pendimar,
478 2015 571 2041 eant
607 2005 663 2040 tot
694 2000 927 2041 innocentes
957 2014 1194 2053 erogamur.
1257 1998 1416 2039 Oehler
1447 2014 1500 2039 on
1536 1999 1745 2055 Scorpiac.

212 2072 235 2111 6
268 2085 305 2125 p.
342 2071 424 2110 158
457 2069 480 2109 1.
516 2071 539 2108 2
573 2068 696 2109 Wiss.
758 2068 824 2108 De
856 2068 1038 2109 Praesor.
1070 2068 1199 2109 Haer.
1233 2069 1257 2107 2
1290 2068 1349 2123 pr.
1375 2068 1543 2123 febrem
1574 2068 1748 2123 denique

210 2140 321 2180 inter
351 2144 505 2179 eeteros
544 2137 785 2192 mortiferos
825 2143 863 2178 et
904 2138 1136 2178 cruciarios
1176 2137 1310 2178 emitas
1344 2138 1553 2190 eroyando
1587 2137 1748 2178 homini

148 2225 191 2256 30
212 2209 467 2262 deputatam.
530 2205 688 2246 Minue.
732 2208 785 2246 35
827 2204 846 2261 ξ
887 2208 911 2246 3
960 2207 1076 2260 iynes
1117 2207 1280 2247 Aetnae
1321 2206 1473 2246 montis
1514 2212 1551 2247 et
1601 2206 1747 2247 Vesezei

211 2277 362 2317 montis
403 2282 439 2317 et
471 2275 712 2316 ardentium
743 2275 889 2330 'ubique
923 2281 1134 2316 terraram
1169 2275 1366 2329 flayrant
1396 2289 1467 2315 nec
1508 2280 1745 2329 erogantur.

210 2346 405 2386 Laetam.
429 2356 497 2385 VH
521 2347 571 2384 21
595 2343 634 2400 ἓξ
655 2347 680 2385 3
705 2361 779 2386 non
805 2346 886 2386 erit
910 2360 1009 2386 earo
1035 2345 1128 2393 illa,
1150 2359 1276 2398 qnam
1299 2343 1400 2384 deus
1421 2343 1581 2384 homini
1601 2358 1744 2397 super-

209 2416 363 2463 iecerit,
394 2414 489 2456 huie
530 2420 720 2455 terrenae
761 2414 929 2463 similis²
960 2413 1031 2455 sed
1062 2412 1301 2454 insolubilis
1333 2427 1380 2453 ac
1405 2427 1660 2466 permanens
1700 2413 1743 2452 in

211 2491 438 2532 aeternnm,
459 2489 504 2524 'at
524 2484 707 2538 sufficere
732 2483 867 2537 possit
888 2481 1142 2524 eruciatibus
1163 2487 1200 2522 et
1227 2481 1318 2535 iyni
1345 2481 1606 2534 sempiterno,
1628 2482 1745 2522 cuius

147 2573 188 2603 35
215 2560 368 2594 natura
403 2553 575 2593 diuersa
609 2558 667 2593 est
702 2552 753 2593 ab
790 2551 861 2593 hoe
898 2557 1103 2592 nostra...
1152 2552 1175 2591 5
1218 2565 1304 2590 una
1345 2550 1569 2604 eademque
1610 2551 1656 2590 m·
1695 2565 1744 2591 ae

206 2623 394 2676 potentia
416 2627 453 2662 et
474 2620 672 2662 cremabit
693 2621 846 2674 impios
868 2626 904 2661 et
932 2618 1145 2666 recreabit,
1168 2624 1204 2660 et
1225 2624 1428 2672 quantum
1456 2633 1476 2659 e
1506 2619 1744 2673 emporibus

211 2692 404 2738 absumet,
442 2697 604 2732 tantam
635 2696 804 2744 reponet
845 2705 894 2731 ac
927 2689 1006 2729 sibi
1038 2689 1127 2743 ipse
1167 2694 1382 2729 aeternam
1407 2688 1615 2742 pabulam
1650 2689 1740 2730 sab-

206 2759 475 2807 oninistrabit,
507 2759 616 2813 qaod
651 2764 798 2812 poetae
834 2758 878 2798 in
910 2758 1120 2798 vulturem
1156 2756 1270 2810 Tityi
1300 2756 1616 2797 transtulerunt.
1676 2757 1740 2798 ita
