1827 3004
101 179 142 220 p.
172 165 300 206 1281.
329 165 397 217 15]
609 165 1044 209 APOLOGETIOVS
1077 169 1130 209 46
1550 170 1634 210 435

190 288 580 318 PRONVNTIANTVR
601 279 647 319 of
664 279 738 320 tho
755 279 925 335 judgo's
947 287 1158 322 sentence.
1201 280 1328 336 Apul.
1345 281 1519 323 Metam.
1535 293 1588 322 ΙΙΙ
1609 285 1628 322 1

100 346 366 387 innocentem.
429 345 510 400 [Cf.
537 346 679 402 Study
700 348 746 388 of
763 348 1092 397 Ambrosiastor,
1114 364 1150 404 p.
1177 350 1268 391 178.
1330 351 1380 391 A.
1399 350 1457 405 S]

186 430 224 470 p.
261 417 342 456 128
375 416 398 456 1.
434 418 483 456 11
524 427 799 457 PHILOSOPHI
834 428 929 457 NoN
965 430 1231 459 CHRISTIANI
1285 419 1353 460 On
1392 420 1465 461 the
1500 421 1632 461 moral

103 484 344 539 impotence
382 485 428 525 of
458 485 714 541 philosophy
746 485 841 527 qu.
875 488 914 528 2.
984 486 1180 528 Lactant.
1212 500 1265 528 ΙΙΙ
1299 491 1364 529 15.
1435 489 1535 530 Sen.
1567 489 1632 530 De

104 554 208 595 Vita
240 554 376 595 Beata
409 557 472 596 18.
535 554 816 596 Friedlander
848 567 901 595 ΙΙΙ
935 559 1030 597 568.
1653 575 1672 606 5

188 638 228 678 p.
253 625 334 664 128
368 624 392 664 l.
417 625 469 664 13
501 626 692 672 QVIDNI?
734 623 798 664 Le.
819 624 969 678 quidni
1000 640 1079 665 non
1100 624 1258 679 fuyat?
1288 626 1384 681 why
1416 627 1568 668 should
1597 627 1632 668 it

100 699 178 733 not
212 692 284 733 fail
322 698 366 733 to
403 693 526 748 expel
561 693 712 733 them?
774 692 937 733 Horald
970 693 1009 733 h.
1032 694 1056 733 l.
1116 709 1149 734 c.
1182 696 1234 734 22
1268 710 1328 750 pr.
1359 710 1398 750 p.
1428 696 1481 736 74
1513 697 1536 737 l.
1567 699 1633 737 31.

103 761 233 816 Apul.
254 761 431 802 Metam.
454 773 503 801 XI
532 763 584 803 26
606 761 676 802 fin.
701 764 754 801 28
776 761 848 802 fin.
871 763 939 802 30.
1000 761 1067 803 LS
1096 763 1188 816 quis
1219 766 1238 803 1
1272 775 1305 803 ΙΙ
1330 765 1364 804 Β
1387 766 1412 805 3
1441 780 1514 820 say
1536 765 1633 806 that

102 830 253 885 quidni
278 846 357 871 non
387 831 431 871 in
455 830 554 872 Sen.
576 845 642 886 ep.
665 832 718 871 52
740 829 759 886 ξ
782 833 834 870 10
857 830 893 871 15
923 831 1179 885 pleonastio:
1219 834 1405 888 wrongly
1427 833 1633 890 (Madvig,

103 899 213 940 Adu.
237 911 271 940 ΙΙ
294 900 376 942 379
400 901 496 941 409.
557 900 656 942 Son.
678 899 743 940 De
767 899 894 940 Breu.
916 899 1004 940 Vita.
1028 899 1049 940 7
1072 898 1091 955 ξ
1114 901 1149 941 7.
1173 915 1237 955 ep.
1260 904 1283 942 6
1306 900 1325 957 ξ
1348 904 1385 942 3.
1409 905 1461 942 52
1482 900 1502 957 ξ
1525 905 1609 956 10).
1654 921 1697 943 10

189 980 439 1010 SECVNDVM
472 981 586 1010 DEOS
618 983 731 1024 supr.
760 983 793 1009 o.
826 970 880 1008 24
911 968 970 1009 sic
996 969 1189 1023 plerique
1219 969 1444 1024 disponunt
1476 971 1632 1012 diuini-

102 1044 242 1085 tatem,
268 1044 314 1079 ut
343 1039 571 1093 imperium
601 1052 790 1079 summae
814 1038 1035 1090 potestatis
1065 1052 1147 1078 esse
1172 1053 1300 1092 penes
1330 1054 1470 1087 unum,
1500 1040 1633 1094 officia

100 1107 192 1148 eins
207 1122 333 1161 penes
354 1107 506 1148 multos
526 1106 680 1156 uettnt;
711 1112 757 1147 ut
772 1105 900 1146 Plato
922 1105 1071 1147 Iouem
1087 1121 1289 1160 maynum
1308 1108 1354 1147 in
1375 1108 1486 1149 caelo
1508 1109 1632 1149 comi-

100 1181 238 1217 tatum
260 1177 438 1217 evercitu
461 1175 655 1217 describit
676 1175 848 1216 deorum
872 1175 1042 1229 pariter
1063 1181 1100 1215 et
1121 1175 1379 1218 daemonum.
1403 1176 1468 1217 De
1490 1177 1634 1217 Anim.

107 1247 125 1283 1
152 1244 336 1297 (below).
1329 1238 1336 1247 ’
1655 1263 1696 1294 15

190 1328 228 1368 p.
254 1315 334 1353 128
358 1313 381 1353 1.
408 1314 461 1352 14
484 1324 523 1353 SI
546 1323 828 1353 DAEMONIVM
859 1322 1115 1351 PERMITTAT
1146 1312 1320 1352 Herald.
1343 1312 1454 1353 Adu.
1476 1325 1509 1353 11
1534 1316 1557 1354 5
1581 1329 1634 1354 on

100 1380 155 1433 ’ἢν
187 1380 280 1426 θεὸς
319 1381 438 1435 θέλῃ,
477 1381 584 1423 θεῶν
621 1380 675 1422 τὰ
715 1380 790 1421 ἴσα
828 1380 1055 1431 νεμόντων,
1093 1378 1175 1421 σὺν
1214 1379 1321 1422 θεῶν
1359 1380 1491 1429 δόσει,
1521 1383 1559 1422 si
1590 1382 1636 1422 di

103 1452 260 1500 uolunt,
291 1452 328 1491 si
364 1451 431 1491 dis
461 1451 612 1506 placet,
645 1450 711 1491 De
747 1449 890 1491 Anim.
926 1449 976 1490 57
1010 1464 1049 1504 p.
1080 1451 1163 1490 392
1201 1449 1227 1490 l.
1259 1452 1284 1489 4
1318 1449 1440 1490 lViss.
1472 1465 1569 1491 nani
1599 1457 1637 1492 et

101 1522 382 1576 su99essimus
402 1521 569 1560 nullam
585 1534 719 1575 paene
740 1519 946 1560 hominem
969 1534 1111 1561 carere
1128 1519 1356 1560 daemonio.
1402 1519 1523 1574 Kaye
1542 1522 1634 1560 205.

191 1600 473 1630 DAEMONIVM
502 1604 617 1644 supr.
646 1603 680 1630 c.
708 1591 760 1629 22
784 1603 844 1644 pr.
904 1589 955 1629 of.
979 1589 1163 1629 Hermas
1193 1591 1216 1628 2
1246 1588 1390 1628 Mand.
1420 1591 1442 1629 6
1474 1591 1510 1628 2.
1570 1588 1634 1629 De
1655 1606 1699 1628 πο

105 1659 263 1700 Anima
298 1662 318 1699 1
356 1674 384 1714 p
419 1661 500 1700 299
531 1659 556 1699 l.
586 1660 638 1698 22
662 1657 787 1699 VViss.
818 1658 966 1707 (much
998 1658 1130 1698 about
1162 1657 1295 1708 Socr.)
1316 1672 1415 1698 sane
1446 1657 1636 1698 Socrates

91 1729 277 1784 facilius
305 1728 473 1769 diuerso
504 1729 661 1783 spiritu
696 1727 908 1782 ayebatur.
969 1727 1177 1782 siquidem
1214 1728 1334 1767 aiunt
1370 1727 1637 1768 daemonium

103 1799 174 1839 illi
214 1813 241 1839 a
278 1813 411 1852 puero
457 1798 706 1846 adhaesisse,
744 1797 977 1851 pessimum
1009 1812 1054 1838 re
1092 1811 1194 1837 uera
1224 1796 1529 1850 paedagyossum,
1562 1796 1637 1837 etsi

99 1873 194 1923 post
229 1867 324 1908 deos
360 1874 396 1908 et
430 1881 522 1908 cum
561 1867 649 1908 deis
685 1866 909 1907 daemonia
952 1866 1208 1920 deputantur
1248 1881 1374 1920 penes
1413 1872 1560 1920 poetas
1600 1871 1636 1907 et

96 1936 584 1991 philosophos...quodsi
618 1935 774 1977 idcirco
809 1935 1147 1989 sapientissimus
1182 1935 1372 1976 Socrates
1412 1934 1635 1975 secundum
1656 1953 1698 1984 25

105 2005 254 2060 Pythii
285 2019 441 2059 quoque
473 2004 687 2046 daemonis
717 2004 987 2058 ssziffraytum,
1016 2004 1171 2045 scilicet
1200 2004 1409 2058 neyotiuni
1439 2004 1636 2044 nauantis

102 2075 211 2116 socio
233 2090 317 2123 suo,
336 2079 488 2128 quanto
511 2073 680 2127 diynior
701 2079 823 2127 atque
845 2073 1101 2114 constantior
1118 2072 1385 2113 Christianae
1405 2072 1636 2126 sapientiae

104 2143 299 2191 adsertio,
323 2144 439 2184 cuius
462 2143 646 2197 adflatui
666 2148 749 2184 tota
774 2143 840 2183 uis
860 2142 1113 2183 daemonum
1134 2142 1264 2183 cedit?
1308 2141 1407 2182 haec
1427 2142 1633 2195 sapientia

102 2213 155 2254 de
199 2212 339 2254 schola
387 2211 494 2253 caeli
542 2211 638 2252 deos
683 2211 854 2265 quidem
901 2211 1059 2252 saeculi
1105 2225 1256 2263 nemqare
1303 2209 1484 2257 liberior,
1533 2224 1637 2264 qnae

106 2283 273 2323 nullum·
316 2281 572 2335 Aesculapio
614 2281 903 2334 yallinaceum
947 2280 1071 2321 reddi
1115 2279 1257 2320 iubens
1301 2279 1635 2333 praeaaricetur,
1656 2299 1700 2330 30

106 2365 176 2392 nec
211 2365 322 2392 noua
357 2349 543 2405 inferens
574 2349 807 2398 daemonia,
841 2349 912 2390 sed
942 2355 1085 2390 uetera
1117 2348 1334 2402 depellens,
1370 2362 1439 2389 nec
1471 2348 1635 2388 adules-

102 2421 283 2461 centiam
314 2419 484 2466 uitians,
505 2419 577 2460 sed
608 2419 721 2459 omni
751 2418 850 2459 bono
875 2418 1056 2473 pudoris
1086 2417 1334 2472 informans,
1357 2416 1526 2470 ideoque
1556 2432 1635 2457 non

109 2488 231 2529 unius
252 2488 377 2535 urbis,
399 2487 470 2528 sed
498 2488 689 2528 uniuersi
717 2487 826 2528 orbis
846 2487 1040 2541 iniquam
1059 2487 1302 2527 sententiam
1325 2485 1530 2526 sustinens
1555 2500 1636 2539 pro

109 2557 270 2598 nomine
298 2556 500 2604 ueritatis,
523 2562 636 2597 tanto
665 2556 820 2597 scilicet
850 2556 1088 2609 perosioris,
1110 2561 1262 2609 quanto
1290 2554 1506 2608 plenioris,
1529 2560 1574 2594 'ut
1601 2561 1637 2595 et

110 2632 281 2667 mortem
311 2640 391 2666 non.
420 2625 470 2667 de
501 2626 648 2680 poculo
678 2640 756 2680 per
789 2625 976 2666 habitam
1007 2624 1282 2665 ‘iucunditatis
1315 2623 1538 2671 absorbeat,
1566 2624 1636 2664 sed
1656 2642 1699 2672 35

102 2694 157 2736 de
196 2694 382 2748 patibulo
423 2700 461 2735 et
500 2694 804 2735 uiuicomb‘urio
845 2708 920 2748 per
961 2708 1077 2734 omne
1118 2692 1332 2746 inqeniuni
1373 2692 1637 2733 crudelitatis

103 2763 344 2804 exhauriat.
407 2765 473 2804 39.
505 2765 572 2804 56.

194 2847 232 2887 p.
250 2834 330 2872 128
353 2832 375 2873 l.
397 2835 447 2873 15
474 2843 698 2873 VERITATE
727 2832 780 2873 ad
802 2838 888 2873 nat.
908 2843 936 2872 Ι.
956 2833 1008 2872 1Ο
1040 2845 1078 2885 p.
1104 2831 1156 2871 79
1184 2830 1209 2870 l.
1233 2833 1283 2869 15
1309 2829 1430 2870 Wiss.
1454 2835 1564 2871 taceo
1587 2831 1637 2872 de

1400 2916 1527 2951 ’ΖΒ-2
