1827 3004
89 74 139 113 98
656 69 1055 131 TERTVLLIANI

87 186 394 226 conscientiam
418 198 640 239 spurcam:
682 189 732 224 ut
755 183 894 232 mirer,
921 197 1019 223 cum
1042 183 1209 223 hostiae
1232 182 1473 236 probantur
1495 195 1626 236 penes

86 277 164 303 uos
193 277 217 302 a
248 262 533 303 uitiosissimis
563 260 872 309 sacerdotibus,
906 274 1004 300 cum
1035 260 1171 300 cuiuis
1200 258 1450 313 praecordia
1479 258 1625 312 potius

86 340 361 379 uictimarum
401 353 532 392 quam
571 338 763 392 ipsorum
802 336 1138 377 sacrificantium
1178 336 1495 376 examinantur.
1556 335 1624 376 Sic

84 416 233 469 itaque
247 430 324 455 nos
339 416 394 456 ad
410 416 538 455 deum
555 429 767 469 expansos
782 415 967 469 ungulae
981 414 1163 464 fodiant,
1181 428 1326 454 cruces
1340 413 1621 467 suspendant,

84 494 202 548 ignes
242 494 452 542 lambant,
495 493 626 548 gladii
666 498 846 547 guttura
887 492 1159 541 detruncent,
1203 492 1366 533 bestiae
1406 491 1620 532 insiliant:
1641 503 1662 534 5

85 576 263 624 paratus
286 577 349 611 est
371 571 427 611 ad
450 585 576 611 omne
598 570 857 624 supplicium
879 571 969 624 ipse
992 570 1168 611 habitus
1190 571 1354 611 orantis
1377 569 1620 611 Christiani.

85 648 179 688 Hoc
200 648 326 702 agite,
348 648 449 688 boni
470 647 698 701 praesides,
721 652 977 701 extorquete
996 647 1186 687 animam
1206 647 1285 688 deo
1305 647 1622 700 supplicantem

84 738 159 777 pro
178 724 451 778 imperatore.
512 724 608 764 Hoc
628 724 709 764 erit
728 724 900 773 crimen,
922 723 996 764 ubi
1015 723 1176 764 ueritas
1195 724 1263 764 dei
1283 729 1326 763 et
1345 723 1520 764 deuotio
1541 728 1618 763 est.

164 853 236 894 31.
296 853 471 894 Adolati
501 867 616 893 nunc
645 867 794 893 sumus
822 853 1073 906 imperatori
1103 858 1146 893 et
1174 853 1346 893 mentiti
1374 857 1480 892 uota
1509 865 1620 906 quae

81 927 281 976 diximus,
300 927 355 967 ad
372 927 643 967 euadendam
660 927 821 966 scilicet
837 927 940 966 uim.
1001 926 1134 966 Plane
1149 926 1320 979 proficit
1334 926 1418 966 ista
1435 925 1618 966 fallacia.
1643 929 1685 962 1’0

81 1000 327 1040 Admittitis
343 1014 421 1040 nos
438 1000 550 1039 enim
568 999 751 1053 probare
768 999 1059 1053 quodcunque
1075 998 1360 1039 defendimus.
1422 998 1504 1046 Qui
1522 1012 1620 1052 ergo

81 1074 302 1126 putaueris
321 1074 425 1113 nihil
445 1088 523 1113 nos
543 1073 595 1113 de
615 1073 753 1113 salute
774 1073 1004 1113 Caesarum
1025 1086 1185 1121 curare,
1206 1072 1368 1126 inspice
1388 1071 1456 1112 dei
1475 1085 1616 1120 uoces,

78 1146 245 1186 litteras
269 1152 452 1195 nostras,
480 1160 588 1200 quas
611 1160 751 1200 neque
774 1146 855 1199 ipsi
880 1145 1190 1199 supprimimus
1214 1150 1257 1185 et
1280 1145 1472 1198 plerique
1496 1158 1621 1184 casus

79 1220 133 1259 ad
153 1226 380 1259 extraneos
397 1220 678 1260 transferunt.
740 1219 903 1259 Scitote
922 1233 973 1258 ex
991 1219 1072 1258 illis
1089 1223 1370 1272 praeceptum
1389 1231 1478 1258 esse
1494 1216 1619 1258 nobis

78 1292 133 1332 ad
156 1292 491 1333 redundantiam
514 1292 796 1347 benignitatis
819 1292 951 1332 etiam
973 1306 1050 1346 pro
1073 1291 1256 1331 inimicis
1279 1291 1407 1331 deum
1431 1304 1552 1331 orare
1575 1295 1618 1331 et
1640 1309 1679 1339 15

78 1366 423 1418 persecutoribus
446 1365 605 1406 nostris
632 1365 743 1406 bona
768 1365 944 1419 precari.
1007 1364 1089 1413 Qui
1113 1365 1249 1418 magis
1272 1364 1432 1404 inimici
1458 1369 1501 1404 et
1524 1377 1615 1417 per-

77 1445 292 1479 secutores
310 1439 651 1479 Christianorum
670 1453 801 1492 quam
819 1438 871 1478 de
889 1452 1073 1492 quorum
1090 1438 1319 1478 maiestate
1336 1437 1617 1477 conuenimur

76 1512 119 1551 in
161 1512 347 1552 crimen?
410 1512 493 1552 Sed
535 1512 666 1552 etiam
708 1511 967 1551 nominatim
1009 1516 1142 1565 atque
1182 1510 1424 1559 manifeste,
1469 1510 1613 1559 Orate,

75 1585 229 1638 inquit,
256 1599 332 1638 pro
355 1585 525 1639 regibus
549 1590 591 1625 et
614 1599 691 1638 pro
714 1584 980 1638 principibus
1003 1589 1046 1624 et
1068 1584 1373 1638 potestatibus,
1398 1589 1448 1624 ut
1471 1584 1615 1624 omnia

76 1659 308 1711 tranquilla
325 1658 412 1699 sint
427 1658 563 1698 uobis.
625 1658 732 1699 Cum
749 1658 862 1697 enim
878 1657 1125 1698 concutitur
1138 1657 1381 1711 imperium,
1400 1657 1616 1697 concussis
1635 1673 1679 1695 20

76 1732 206 1771 etiam
230 1732 381 1771 ceteris
402 1731 606 1771 membris
629 1731 718 1771 eius
740 1731 891 1784 utique
914 1736 957 1771 et
978 1745 1068 1779 nos,
1092 1730 1193 1770 licet
1215 1730 1408 1770 extranei
1430 1744 1454 1770 a
1476 1730 1615 1770 turbis

74 1805 364 1853 aestimemur,
387 1805 432 1844 in
452 1804 597 1858 aliquo
617 1805 710 1845 loco
732 1818 856 1844 casus
876 1804 1133 1844 inuenimur.

157 1929 229 1970 32.
290 1929 370 1969 Est
397 1934 439 1969 et
467 1929 550 1969 alia
578 1929 714 1968 maior
740 1928 972 1968 necessitas
998 1928 1123 1969 nobis
1149 1928 1301 1968 orandi
1327 1942 1404 1982 pro
1430 1928 1612 1982 impera-

73 2003 251 2051 toribus,
283 2003 415 2043 etiam
445 2017 521 2056 pro
551 2002 668 2042 omni
698 2007 819 2042 statu
846 2002 1013 2055 imperii
1042 2001 1257 2055 rebusque
1284 2001 1507 2050 Romanis,
1539 2001 1613 2055 qui

75 2076 161 2115 uim
189 2076 425 2115 maximam
451 2075 652 2115 uniuerso
679 2074 771 2115 orbi
797 2075 1097 2115 imminentem
1122 2074 1349 2128 ipsamque
1376 2074 1611 2115 clausulam
1631 2091 1673 2121 25

72 2148 228 2188 saeculi
269 2148 527 2189 acerbitates
566 2148 801 2188 horrendas
840 2147 1178 2187 comminantem
1218 2147 1406 2187 Romani
1444 2147 1612 2201 imperii

74 2227 319 2261 commeatu
344 2222 501 2261 scimus
526 2221 748 2261 retardari.
810 2221 966 2274 Itaque
990 2220 1192 2260 nolumus
1217 2220 1410 2273 experiri,
1438 2226 1482 2260 et
1506 2220 1610 2261 dum

74 2308 298 2347 precamur
345 2294 517 2343 differri,
566 2294 792 2334 Romanae
839 2293 1119 2334 diuturnitati
1166 2293 1376 2333 fauemus.
1437 2293 1520 2334 Sed
1567 2299 1611 2334 et

72 2367 275 2415 iuramus,
299 2367 411 2407 sicut
430 2382 517 2407 non
538 2382 612 2420 per
631 2367 777 2421 genios
798 2367 1041 2415 Caesarum,
1063 2367 1126 2406 ita
1146 2380 1222 2420 per
1241 2366 1426 2406 salutem
1446 2380 1607 2416 eorum,

74 2454 183 2492 quae
213 2445 277 2480 est
305 2441 527 2494 augustior
555 2440 928 2494 omnibusgeniiS.
989 2439 1174 2480 Nescitis
1201 2439 1348 2494 genios
1375 2439 1609 2480 daemonas
1628 2454 1672 2484 30

73 2513 154 2552 dici
193 2518 237 2553 et
272 2513 372 2553 inde
410 2514 670 2554 diminutiua
708 2528 814 2553 uoce
852 2513 1107 2553 daemonia?
1169 2512 1259 2552 Nos
1295 2512 1502 2552 iudicium
1540 2512 1608 2553 dei

72 2586 327 2638 suspicimus
347 2586 390 2625 in
411 2586 756 2639 imperatoribus,
781 2586 854 2639 qui
875 2585 1076 2640 gentibus
1096 2585 1190 2625 illos
1210 2585 1429 2639 praefecit.
1490 2585 1543 2626 Id
1562 2585 1607 2625 in

74 2658 130 2697 eis
160 2658 316 2698 scimus
345 2672 434 2698 esse
463 2659 579 2712 quod
609 2659 713 2699 deus
742 2659 893 2707 uoluit,
924 2658 1107 2712 ideoque
1137 2663 1180 2698 et
1208 2658 1607 2707 saluumruolumus

73 2744 161 2769 esse
195 2731 311 2784 quod
344 2731 449 2771 deus
481 2731 621 2772 uoluit
654 2737 697 2772 et
729 2746 806 2785 pro
838 2745 996 2785 magno
1029 2731 1073 2771 id
1105 2731 1348 2771 iuramento
1382 2730 1604 2772 habemus.
