1827 3004
93 139 134 179 p.
160 127 211 166 34
233 126 259 166 1.
285 126 353 178 32]
614 124 1051 166 APOLOGETICVS
1085 127 1109 166 9
1544 127 1625 167 209

95 239 262 284 τούτοις
295 238 532 295 χρωμένων
570 256 634 281 τις
668 238 779 293 ’πρὸς
812 241 863 293 τῇ
898 239 1010 294 α’θέῳ
1043 241 1118 280 καὶ
1150 238 1311 288 ἀσεβεῖ
1341 241 1414 280 καὶ
1448 238 1629 291 ἀκρατεῖ

93 309 220 361 μίξει,
241 308 278 349 εἰ
298 308 440 363 τύχοι,
463 306 595 362 τέκνῳ
618 307 644 360 ἢ
668 310 870 360 συνγνγενεῖ
896 307 923 360 ἢ
953 307 1131 362 ἀδελφῷ
1158 307 1375 361 μίγνυται.
1428 309 1475 349 cf.
1495 307 1629 350 Clem.

94 376 216 417 Alex.
240 376 420 431 Paedag.
443 387 495 415 ΙΙΙ
518 377 544 416 3
565 374 584 431 ᾖ
606 377 656 415 21
682 390 722 430 p.
744 377 840 417 265.
901 375 1115 430 Bingham
1139 387 1223 416 XVI
1248 378 1301 417 10
1326 379 1391 418 11.

182 445 556 486 FILIOSzliberos.
617 445 670 485 ad
693 451 780 486 nat.
805 457 819 485 Ι
852 447 902 486 16
926 460 964 501 p.
988 445 1040 486 87
1066 446 1089 487 l.
1115 448 1166 487 16
1192 446 1314 487 Wiss.
1345 458 1378 487 II
1404 448 1455 487 12
1486 461 1524 501 p.
1549 446 1628 486 117

96 515 119 556 l.
144 517 196 555 22
221 515 343 556 &viss
390 515 456 555 De
480 515 654 555 Exhort.
679 514 832 556 Casta.
858 517 910 555 13
932 516 1215 556 masculorum
1227 515 1434 569 filiorum.
1485 516 1633 556 Jamcs
1653 531 1671 563 5

96 599 149 623 on
171 586 198 624 4
221 584 327 624 Ezra
348 598 386 638 p.
410 595 444 623 L.
490 583 600 638 Aug.
625 583 701 638 Ep.
728 585 806 624 127
833 585 857 624 9
876 584 900 623 f.
959 584 1076 624 Hier.
1100 583 1247 639 Migne
1271 584 1361 625 P.L.
1386 595 1508 624 XXIII
1532 586 1633 626 968ἃ

97 667 188 693 cum
216 652 412 706 hodieque
434 651 594 693 Romae
621 666 758 692 onmes
775 652 869 706 filii
901 658 1093 694 aocentm·
1120 653 1314 708 infantes.
1375 653 1454 694 Ios.
1485 653 1632 708 Antiq.

97 733 130 762 II
155 724 206 763 13
228 737 266 777 p.
291 722 342 762 57
366 736 404 777 p.
427 736 482 763 m.
503 721 569 762 bis
598 721 680 773 (ed.
707 724 847 775 1524).
910 722 1068 762 Archiv
1092 723 1116 762 f.
1142 723 1213 763 lat.
1236 722 1336 763 Lex.
1360 734 1427 763 VII
1453 722 1632 764 77—80.

97 793 161 831 84.
181 793 246 832 90.
270 792 450 832 92—94.
511 790 641 832 τέκνα
668 791 787 843 ὑμῶν
812 794 829 831 1
859 790 952 833 Cor.
975 791 1033 831 vii
1058 794 1110 832 14
1132 791 1168 832 is
1186 792 1276 847 filii
1296 793 1427 834 uestri
1454 792 1497 832 in
1519 793 1632 833 Terb.

97 860 149 900 ad
178 861 302 901 onr.
326 872 360 900 II
384 862 420 900 2.
1655 881 1699 903 10

182 944 220 984 p.
245 931 298 970 34
321 930 344 970 l.
367 931 422 970 30
444 941 530 970 NOS
551 935 630 972 cet.
653 944 685 970 c.
708 932 774 972 39.
798 932 863 971 46.
915 931 968 971 ad
994 931 1117 972 onr.
1141 943 1156 971 I
1180 933 1215 973 6.
1268 932 1333 972 De
1357 931 1491 974 Cultu
1516 932 1633 973 Fem.

98 1009 131 1038 II
155 1000 191 1039 9.
237 998 452 1054 Athenag.
471 998 621 1054 Suppl.
639 1001 694 1040 33
716 1002 905 1051 Γγυναῖκα
925 1001 1003 1053 μὲν
1025 999 1210 1044 ἕκαστος
1232 1001 1350 1055 ἡμῶν
1371 999 1422 1052 ἣν
1444 1001 1634 1054 ἠνγάὙετο

99 1064 211 1107 κατὰ
247 1065 346 1111 τοὺς
383 1066 455 1120 ὑφ’
486 1068 607 1119 ἡμῶν
643 1066 911 1121 τεθειμένους
945 1066 1099 1121 νόμους
1137 1066 1332 1121 νομίζων,
1363 1069 1438 1110 καὶ
1471 1070 1636 1121 ταύτην

97 1134 228 1191 μέχρι
260 1139 336 1177 τοῦ
368 1135 946 1191 παιδοποιήσασθαι...ἡμῖν
974 1136 1131 1193 μέτρον
1162 1137 1394 1190 ἐπιθυμίας
1425 1139 1450 1191 ἡ
1482 1139 1634 1180 παιδο-

99 1203 235 1245 ποιία.
298 1204 451 1246 lustin.
476 1205 599 1260 Apol.
623 1217 637 1245 I
661 1206 713 1246 29
746 1204 850 1246 ἀλλ’
881 1205 907 1258 ἢ
940 1204 1017 1258 τὴν
1048 1205 1191 1262 ἀρχὴν
1224 1207 1302 1248 οὐκ
1331 1207 1572 1261 ἐγαμοῦμεν
1600 1208 1637 1250 εἰ
1657 1224 1697 1255 15

98 1272 155 1326 μὴ
186 1273 258 1314 ἐπὶ
286 1272 453 1314 παίδων
482 1274 709 1328 ἀνατροφῇ
735 1273 761 1326 ἢ
788 1273 1127 1329 παραιτούμενοι
1156 1274 1204 1317 τὸ
1233 1275 1460 1329 «γήμασθαι
1489 1276 1636 1319 τέλεον

99 1341 502 1396 ἐνεγκρατευόμεθα.
564 1343 603 1383 A
638 1342 859 1384 Christian
893 1344 1040 1399 youth,
1073 1344 1117 1384 in
1151 1345 1273 1385 order
1306 1351 1349 1386 to
1382 1347 1521 1387 refute
1559 1347 1633 1387 the

100 1412 275 1467 charges
303 1412 348 1452 of
374 1411 666 1466 promiscuous
695 1412 968 1461 intercourse,
995 1413 1166 1468 applied
1196 1419 1240 1454 bo
1270 1414 1403 1464 Felix,
1428 1430 1636 1470 governor

100 1481 146 1521 of
161 1481 433 1529 Alexandria,
456 1481 518 1521 for
538 1496 563 1520 a
584 1480 765 1521 medical
789 1481 946 1522 licence
977 1482 1040 1522 for
1068 1482 1133 1523 his
1162 1483 1423 1525 mutilation.
1485 1484 1529 1526 It
1552 1500 1636 1526 was

100 1550 280 1598 refused,
314 1550 393 1590 bu‘o
431 1549 484 1590 he
521 1549 741 1590 remained
779 1549 1036 1591 unmarried.
1098 1551 1256 1592 Minuc.
1290 1554 1340 1593 31
1375 1551 1393 1608 ξ
1425 1555 1449 1593 5
1487 1560 1531 1595 at
1567 1570 1636 1595 nos
1656 1572 1700 1593 20

99 1619 301 1673 pudorem
341 1634 422 1660 'non
451 1619 571 1674 facie
611 1619 683 1660 sed
722 1625 854 1660 mente
887 1626 1167 1674 praestamus,
1209 1622 1334 1663 zontas
1374 1624 1638 1665 matrimonii

106 1688 268 1728 uinculo
303 1687 473 1728 libenter
504 1687 780 1736 inhaerenms,
812 1688 1081 1743 cupiditatem
1111 1691 1369 1744 procreandi
1402 1698 1476 1733 aut
1508 1708 1637 1733 unam

101 1757 254 1797 seimus
286 1762 359 1797 aut
388 1757 565 1797 nullam.
627 1755 825 1797 Socrates
848 1768 861 1796 I
887 1759 939 1797 13
961 1755 980 1812 ξ
1001 1759 1026 1798 3
1060 1758 1242 1798 married
1271 1759 1438 1814 priests'
1466 1760 1635 1802 cohabi—

104 1824 241 1865 tation
272 1824 504 1865 forbidden.
565 1822 631 1880 §4
660 1824 836 1865 allowed
866 1825 922 1879 by
953 1825 1235 1880 Paphnutius.
1295 1825 1334 1883 ἐξ
1356 1830 1392 1876 5,
1415 1830 1438 1869 6
1471 1829 1638 1884 priests’

104 1894 313 1949 marriage
346 1893 578 1934 forbidden.
642 1905 689 1933 IV
713 1896 766 1935 23
789 1894 1026 1947 (Ammon).
1050 1905 1079 1933 V
1103 1896 1155 1934 22
1177 1895 1196 1950 ᾖ
1219 1897 1283 1936 50.
1345 1896 1558 1953 Athenag.
1583 1900 1637 1939 33
1658 1915 1674 1936 2
1682 1916 1700 1946 5

103 1978 140 2017 p.
179 1963 251 2003 37²²
288 1963 424 2018 εὕροις
461 1962 494 2002 δ’
532 1962 584 2003 ἂν
620 1962 817 2007 πολλοὺς
854 1964 938 2004 τῶν
975 1962 1079 2018 παρ’
1117 1964 1219 2017 ἡμῖν
1255 1965 1327 2005 καὶ
1370 1964 1528 2022 ἄνδρας
1564 1969 1637 2008 καὶ

103 2034 320 2082 γυναῖκας,
351 2032 773 2087 καταγηράσκοντας
803 2032 998 2085 ἀγάμους
1031 2031 1179 2074 ἐλπίδι
1209 2037 1286 2075 τοῦ
1313 2037 1487 2087 μᾶλλον
1517 2036 1636 2078 συνέ-

104 2101 264 2141 σεσθαι
300 2101 359 2154 τῷ
393 2101 483 2158 θεῷ.
546 2101 700 2141 Euseb.
733 2100 865 2141 Laud.
898 2107 1030 2141 const.
1065 2100 1128 2141 17.
1191 2101 1308 2157 Orig.
1344 2109 1491 2144 contra
1528 2104 1636 2146 Cels.

104 2180 119 2208 I
154 2171 217 2210 26.
250 2181 317 2209 VII
349 2172 404 2210 48
436 2185 495 2225 pr.
558 2169 747 2225 Spencer
783 2185 836 2210 on
875 2169 992 2224 Orig.
1030 2176 1177 2210 contra
1215 2170 1322 2212 Cels.
1361 2187 1398 2226 p.
1434 2175 1483 2213 21
1525 2174 1547 2214 l.
1585 2176 1636 2215 55

105 2242 266 2289 (annot.
288 2253 327 2292 p.
351 2240 401 2278 21
426 2239 510 2290 ab).
562 2238 783 2293 Theophil.
808 2250 859 2277 III
885 2241 948 2278 15.
1002 2239 1100 2279 Eus.
1124 2239 1225 2279 DE.
1249 2251 1263 2279 I
1288 2242 1311 2281 9
1334 2239 1372 2296 ἓξ
1396 2244 1459 2291 14,
1485 2245 1549 2290 15,
1573 2245 1637 2283 21.
1657 2259 1702 2288 30

192 2322 229 2362 p.
253 2309 306 2347 :34
329 2308 352 2348 l.
377 2310 429 2348 32
453 2319 633 2355 QVIDAM
655 2315 733 2348 cet.
756 2308 809 2348 ad
833 2308 911 2347 Vx.
936 2319 949 2347 1
974 2310 997 2349 6
1031 2314 1126 2362 quot
1148 2309 1257 2350 enim
1278 2317 1374 2352 sunt
1395 2312 1468 2365 qm?
1495 2313 1639 2354 statim

104 2391 131 2416 a
164 2376 335 2417 lauacro
368 2390 535 2418 carnem
565 2392 687 2417 sumn
719 2376 965 2430 obsignant?
1024 2377 1090 2417 De
1121 2376 1255 2418 Cultu
1286 2378 1402 2419 ch.
1434 2391 1466 2419 II
1500 2382 1524 2421 9
1557 2396 1637 2422 ozon

104 2446 214 2486 enim
235 2451 272 2486 et
288 2446 410 2486 multi
430 2446 492 2486 ita
503 2445 678 2500 faciant
693 2452 730 2487 et
745 2461 786 2487 se
802 2446 1059 2501 spadonatui
1082 2447 1147 2500 [cf.
1164 2446 1277 2488 Socr.
1295 2447 1349 2488 H.
1365 2448 1411 2488 Ε.
1430 2460 1463 2488 II
1488 2451 1541 2490 26
1559 2448 1578 2505 ξ
1593 2451 1636 2503 9]

106 2513 320 2567 obsiynant
345 2519 522 2568 propter
553 2528 727 2568 requam
757 2514 868 2555 Dei?
928 2513 1083 2554 Iustin.
1106 2514 1230 2570 Apol.
1252 2527 1267 2555 Ι
1292 2518 1343 2556 15
1367 2531 1404 2571 p.
1429 2516 1501 2558 62¹³
1528 2518 1639 2559 after

106 2581 243 2637 citing
264 2581 388 2622 Mati.
414 2584 466 2623 19
492 2584 566 2622 12:
598 2582 672 2623 καὶ
701 2581 868 2623 πολλοί
895 2601 1004 2625 τινες
1030 2583 1103 2624 καὶ
1133 2584 1302 2626 πολλαὶ
1332 2584 1637 2638 ἑξηκοντοῦται
1665 2602 1707 2633 35

107 2650 180 2691 καὶ
203 2649 601 2703 ἑβδομηκοντοῦται
627 2650 669 2692 οἳ
693 2653 739 2692 ἐκ
769 2650 938 2692 παίδων
966 2651 1330 2703 ἐμαθητεύθησαν
1358 2656 1419 2709 τῷ
1440 2656 1637 2710 Χριστῷ,

106 2718 294 2774 ἀ’φθοροι
331 2719 602 2770 διαμένουσι·
645 2720 718 2761 καὶ
752 2720 937 2775 εὔχομαι
971 2720 1085 2762 κατὰ
1118 2724 1207 2762 πᾶν
1241 2721 1362 2775 γένος
1394 2723 1637 2778 ἀνθρώπων

107 2786 326 2831 τοιούτους
348 2787 494 2841 δεῖξαι.
557 2788 674 2829 Pitra
698 2789 841 2843 Spicil.
865 2789 1040 2830 Solcsui.
1064 2802 1077 2830 I
1102 2792 1196 2831 323.
1248 2791 1462 2847 Athenag.
1486 2792 1633 2849 Suppl.

218 2883 256 2908 M.
280 2883 312 2908 T.
1481 2878 1527 2913 14
