1827 3004
80 107 131 146 9⁴)
648 104 1046 145 TERTVLLIANI

79 219 289 259 certantia
318 218 373 258 ad
402 218 580 267 eaelum,
611 217 685 258 sed
713 217 941 258 temeraria
969 217 1022 258 de
1051 218 1211 272 cespite
1239 218 1405 267 altaria,
1437 223 1480 259 et
1508 233 1613 258 uasa

78 294 219 335 adhuc
241 294 397 343 Samia,
422 300 465 334 et
484 294 609 334 nidor
630 308 681 334 ex
701 294 794 343 illis,
819 300 861 334 et
882 294 988 335 deus
1007 295 1097 349 ipse
1117 309 1346 349 nusquam.
1407 295 1612 335 Nondum

79 372 191 411 enim
217 377 321 411 tunc
346 371 515 425 ingenia
543 370 803 410 Graecorum
829 376 962 424 atque
988 371 1222 412 Tuscorum
1250 371 1459 426 fingendis
1484 372 1612 412 simu-

77 447 201 487 lacris
234 446 383 487 urbem
416 447 751 487 inundauerant.
812 447 925 501 Ergo
958 462 1045 488 non
1078 454 1179 488 ante
1212 448 1393 502 religiosi
1426 448 1614 488 Romani

79 539 209 577 (1110111
230 524 386 578 magni,
408 524 591 577 ideoque
610 538 697 563 11011
716 523 771 564 ob
792 524 872 564 1100
892 525 1049 579 magni,
1072 526 1172 579 quia
1192 526 1387 579 religiosi.
1448 525 1614 579 Atquin
1635 542 1654 573 5

79 601 296 655 quomodo
317 601 371 641 ob
393 601 639 655 religionem
660 602 818 655 magni,
842 602 999 655 quibus
1019 603 1274 657 magnitudo
1296 603 1348 643 de
1368 603 1613 656 inreligiosi-

77 683 170 718 tate
204 677 432 731 prouenit?
494 677 549 717 Ni
586 677 709 717 fallor
745 678 871 727 0111111,
909 693 1035 718 0111110
1070 694 1248 733 regnum
1284 680 1351 720 uel
1386 680 1614 733 imperium

77 754 197 795 bellis
217 755 438 808 quaeritur
457 760 500 795 et
517 755 709 795 uictoriis
728 761 1006 810 propagatur.
1067 757 1198 797 Porro
1218 757 1328 797 bella
1348 762 1391 798 et
1408 757 1615 797 uictoriae

78 832 216 885 captis
238 837 280 872 et
301 832 457 871 euersis
478 832 713 885 plurimum
733 832 912 873 urbibus
934 839 1149 874 const-ant.
1211 834 1262 873 Id
1283 834 1505 888 negotium
1526 834 1615 873 sine

77 908 255 948 deorum
291 908 445 948 iniuria
482 923 569 949 non
607 914 684 949 est.
745 909 936 949 Eaedem
973 915 1136 964 strages
1172 911 1390 950 moenium
1428 916 1471 951 et
1508 916 1613 950 tem-
1639 930 1681 954 10

77 985 259 1039 plorum,
302 1000 425 1039 pares
467 986 618 1026 caedes
658 987 818 1027 ciuium
859 991 903 1027 et
943 987 1229 1036 sacerdotum,
1272 1002 1350 1027 1100
1391 987 1617 1028 dissimiles

76 1063 252 1116 rapinae
305 1077 523 1103 sacrarum
578 1063 829 1104 diuitiarum
885 1069 928 1105 et
981 1064 1273 1118 profanarum.
1351 1065 1434 1106 Tot
1486 1065 1617 1119 igitur

77 1139 296 1193 sacrilegia
337 1140 637 1180 Romanorum
679 1146 788 1194 quot
828 1146 1020 1194 tropaea,
1063 1146 1132 1182 tot
1172 1141 1224 1181 de
1265 1141 1355 1182 deis
1397 1146 1505 1195 quot
1558 1141 1611 1181 de

77 1216 278 1270 gentibus
300 1216 523 1270 triumphi,
548 1222 617 1257 tot
639 1217 871 1258 manubiae
894 1223 1002 1271 quot
1023 1224 1203 1259 manent
1224 1218 1366 1258 adhue
1389 1218 1617 1258 simulacra

79 1293 352 1347 captiuorum
371 1293 563 1334 deorum.
625 1294 684 1335 Et
702 1294 756 1334 ab
776 1294 973 1335 hostibus
993 1309 1090 1349 ergo
1109 1295 1195 1335 suis
1214 1295 1430 1336 sustinent
1448 1295 1616 1335 adorari
1640 1312 1682 1345 15

79 1375 122 1410 et
155 1369 236 1410 illis
270 1370 498 1424 imperium
535 1371 624 1410 sine
658 1370 743 1410 fine
778 1370 1017 1412 decernunt
1052 1386 1235 1425 quorum
1271 1372 1406 1426 magis
1440 1372 1617 1412 iniurias

79 1461 210 1500 quam
265 1447 533 1488 adolationes
586 1462 880 1488 remunerasse
934 1447 1186 1489 debuerant.
1248 1449 1331 1489 Sed
1385 1449 1458 1502 qui
1512 1448 1617 1489 nihil

77 1524 273 1565 sentiunt
299 1530 391 1565 tam
416 1525 594 1579 impune
619 1525 852 1565 laeduntur
879 1540 1010 1579 quam
1036 1525 1197 1566 frustra
1224 1526 1436 1567 coluntur.
1494 1526 1618 1567 Certe

78 1614 165 1640 non
207 1606 353 1655 potest
395 1601 494 1641 fidei
538 1601 778 1650 conuenire,
824 1606 875 1642 ut
917 1601 1130 1656 religionis
1173 1602 1336 1643 meritis
1381 1602 1618 1642 exereuisse

78 1677 310 1719 uideantur
325 1679 411 1732 qui,
429 1684 479 1719 ut
492 1679 793 1733 suggessimus,
810 1679 1057 1733 religionem
1072 1685 1151 1720 aut
1163 1680 1374 1720 laedendo
1390 1686 1619 1720 creuerunt
1639 1699 1685 1722 20

79 1760 157 1796 aut
175 1756 402 1797 crescendo
420 1756 650 1797 laeserunt.
712 1756 859 1797 Etiam
878 1757 937 1797 illi
958 1771 1141 1811 quorum
1160 1771 1290 1811 regna
1310 1757 1496 1798 conflata
1516 1763 1619 1798 sunt

77 1832 122 1872 in
136 1832 304 1886 imperii
320 1834 508 1874 Romani
524 1848 753 1883 summam,
772 1848 870 1874 eum
888 1848 936 1874 ea
953 1834 1218 1883 amitterent,
1237 1835 1327 1874 sine
1343 1834 1618 1889 religionibus

79 1923 166 1949 non
187 1910 375 1951 fuerunt.

162 2039 235 2080 26.
312 2040 467 2080 Videte
487 2040 630 2094 igitur,
654 2055 707 2080 ne
727 2041 796 2080 ille
818 2055 946 2095 regna
968 2041 1188 2094 dispenset
1209 2041 1329 2081 cuius
1351 2047 1416 2082 est
1438 2046 1481 2082 et
1501 2041 1616 2082 orbis

81 2116 153 2170 qui
171 2122 375 2171 regnatur
393 2123 435 2157 et
452 2117 581 2157 1101110
599 2118 689 2172 ipse
708 2118 780 2172 qui
797 2124 962 2172 regnat,
982 2132 1034 2157 ne
1051 2118 1119 2158 ille
1137 2118 1252 2158 uices
1269 2118 1617 2159 dominationum
1638 2132 1657 2155 2
1662 2133 1682 2164 5

80 2192 182 2246 ipsis
203 2194 472 2248 temporibus
490 2195 534 2235 in
555 2195 724 2235 saeculo
746 2195 956 2235 ordinarit
977 2195 1049 2248 qui
1071 2200 1173 2235 ante
1194 2209 1320 2235 omne
1341 2200 1513 2249 tempus
1534 2196 1618 2236 fuit

81 2275 124 2310 et
143 2271 360 2311 saeculum
381 2285 535 2325 eorpus
554 2277 801 2326 temporum
821 2272 936 2321 feeit,
958 2286 1011 2311 ne
1029 2272 1098 2312 ille
1119 2272 1319 2313 ciuitates
1340 2273 1521 2314 extollat
1540 2279 1618 2314 aut

81 2349 296 2403 deprimat
314 2351 393 2391 sub
414 2366 499 2405 quo
519 2352 603 2393 suit
621 2353 711 2393 sine
730 2352 983 2393 ciuitatibus
1002 2352 1236 2406 aliquando
1255 2367 1358 2407 gens
1376 2353 1615 2394 hominum.

82 2428 194 2477 Quid
225 2431 402 2472 erratis?
452 2433 566 2485 prior
598 2438 662 2473 est
693 2432 953 2486 quibusdam
985 2433 1075 2473 deis
1105 2433 1192 2473 suis
1222 2433 1429 2474 siluestris
1460 2434 1614 2483 Roma,

80 2515 182 2550 ante
227 2512 426 2565 regnauit
472 2527 603 2566 quam
651 2519 826 2554 tantum
873 2513 1089 2554 ambitum
1137 2513 1337 2567 Capitolii
1384 2518 1614 2555 extrueret.
1637 2530 1684 2562 30

81 2588 389 2642 Regnauerant
416 2596 459 2631 et
486 2591 715 2645 Babylonii
743 2597 845 2632 ante
872 2592 1116 2641 Pontifices,
1146 2597 1190 2633 et
1216 2591 1329 2632 Medi
1356 2598 1458 2633 ante
1486 2592 1615 2641 Quin-

81 2667 349 2718 decimuiros,
381 2676 424 2710 et
451 2671 654 2725 Aegyptii
683 2678 785 2712 ante
813 2672 962 2721 Salios,
993 2678 1037 2713 et
1064 2672 1227 2726 Assyrii
1256 2677 1358 2713 ante
1386 2672 1614 2727 Lupercos,

82 2751 126 2786 et
158 2747 398 2789 Amazones
432 2755 534 2790 ante
568 2750 763 2804 Virgines
796 2750 1003 2791 Vestales.
1064 2751 1289 2792 Postremo
1323 2752 1358 2792 si
1392 2752 1618 2793 Romanae
