1827 3004
181 125 232 163 32
747 120 1146 161 TERTVLLIANI

179 242 407 277 conuertar
443 235 498 275 ad
536 234 758 289 populum.
821 233 937 281 Quot
973 233 1106 273 uultis
1144 246 1195 272 ex
1233 232 1299 272 his
1335 232 1719 272 circumstantibus

179 321 223 356 et
248 316 291 356 in
318 315 658 355 Christianorum
684 313 937 367 sanguinem
964 312 1199 360 hiantibus,
1229 326 1280 351 ex
1305 311 1408 365 ipsis
1435 312 1566 351 etiam
1592 311 1716 352 uobis

177 395 421 436 iustissimis
448 399 491 434 et
516 392 793 433 seuerissimis
819 392 863 432 in
889 406 967 432 nos
993 391 1262 445 praesidibus
1288 391 1406 446 apud
1432 391 1715 432 conscientias

178 475 357 529 pulsem,
383 475 456 527 qui
479 479 606 513 natos
629 472 709 513 sibi
732 471 887 512 liberos
911 472 1115 511 enecent?
1179 471 1399 524 Siquidem
1424 476 1468 512 et
1489 471 1542 511 de
1563 485 1715 525 genere

178 555 293 595 necis
317 554 474 602 differt,
502 554 653 607 utique
678 551 890 592 crudelius
914 551 957 591 in
982 565 1096 604 aqua
1121 551 1321 605 spiritum
1347 547 1614 604 extorquetis
1638 556 1714 591 aut
1735 571 1757 600 5

178 639 323 692 frigori
357 644 400 678 et
432 638 536 678 fami
570 642 614 677 et
646 636 824 676 canibus
857 635 1085 689 exponitis.
1146 635 1275 675 Ferro
1309 635 1422 676 enim
1455 636 1563 676 mori
1595 640 1716 676 aetas

179 737 351 777 quoque
385 723 521 762 maior
555 721 786 776 optauerit.
848 720 984 761 Nobis
1018 734 1119 760 uero
1155 720 1285 760 semel
1320 720 1550 761 homicidio
1584 720 1713 760 inter-

177 808 294 849 dicto
321 809 453 849 etiam
479 812 737 861 conceptum
763 811 900 855 utero,
929 805 1034 846 dum
1060 805 1203 846 adhuc
1228 806 1401 860 sanguis
1426 806 1471 846 in
1497 786 1714 846 hominem

178 893 406 942 delibatur,
442 892 673 933 dissoluere
706 906 792 931 non
826 891 938 931 licet.
998 890 1234 931 Homicidii
1267 891 1488 932 festinatio
1523 896 1588 932 est
1620 905 1715 945 pro-

179 979 324 1019 hibere
340 978 470 1027 nasci,
490 991 568 1018 nec
584 977 715 1017 refert
731 982 883 1017 natam
902 976 997 1030 quis
1015 977 1169 1030 eripiat
1185 977 1377 1020 animam
1394 991 1449 1017 an
1466 982 1715 1017 nascentem
1739 992 1785 1014 10

178 1063 406 1104 disturbet.
467 1062 611 1103 Homo
639 1067 704 1103 est
730 1067 773 1103 et
799 1061 872 1116 qui
899 1066 965 1102 est
990 1061 1184 1111 futurus;
1229 1062 1361 1103 etiam
1386 1061 1553 1102 fructus
1578 1062 1717 1102 omnis

177 1150 265 1190 iam
294 1149 338 1189 in
368 1149 529 1189 semine
558 1153 636 1188 est.
696 1148 762 1187 De
791 1147 1011 1201 sanguinis
1041 1147 1201 1202 pabulo
1232 1152 1276 1188 et
1305 1147 1514 1188 eiusmodi
1544 1148 1716 1202 tragicis

179 1234 348 1274 ferculis
367 1234 506 1288 legite,
528 1232 683 1273 necubi
703 1233 888 1273 relatum
908 1233 964 1273 sit
985 1235 1067 1284 (est
1086 1232 1204 1287 apud
1222 1232 1510 1282 Herodotum,
1532 1233 1714 1287 opinor),

178 1319 378 1359 defusum
404 1318 589 1359 brachiis
615 1318 868 1373 sanguinem
896 1332 948 1358 ex
975 1318 1184 1358 alterutro
1212 1318 1492 1372 degustatum
1518 1318 1716 1358 nationes

179 1405 390 1458 quasdam
434 1404 595 1444 foederi
640 1418 908 1458 conparasse.
969 1403 1123 1444 Nescio
1169 1403 1274 1457 quid
1319 1408 1362 1444 et
1406 1403 1486 1444 sub
1532 1403 1716 1444 Catilina
1739 1420 1782 1450 15

179 1490 459 1544 degustatum
488 1495 564 1530 est.
624 1489 761 1530 Aiunt
790 1494 833 1530 et
861 1489 979 1544 apud
1007 1489 1219 1543 quosdam
1247 1489 1427 1543 gentiles
1455 1489 1716 1543 Scytharum

179 1574 434 1616 defunctum
470 1588 685 1628 quemque
720 1589 744 1614 a
780 1574 867 1615 suis
902 1574 1081 1614 comedi.
1142 1574 1288 1628 Longe
1323 1588 1514 1614 excurro.
1574 1574 1717 1614 Hodie

177 1661 275 1701 istic
297 1661 499 1701 Bellonae
520 1646 909 1724 sacratus‘sanguis
929 1659 982 1700 de
1003 1660 1163 1700 femore
1184 1660 1394 1714 proscisso
1414 1660 1459 1700 in
1479 1660 1717 1714 palmulam

179 1751 385 1801 exceptus
414 1752 457 1787 et
486 1746 575 1786 esui
604 1728 733 1787 datus
761 1746 917 1801 signat.
977 1746 1091 1787 Item
1119 1746 1179 1786 illi
1209 1746 1282 1800 qui
1311 1760 1488 1786 munere
1515 1746 1559 1786 in
1588 1761 1718 1786 arena

179 1832 408 1873 noxiorum
440 1832 734 1886 iugulatorum
768 1832 1021 1887 sanguinem
1054 1837 1271 1872 recentem
1305 1832 1357 1872 de
1390 1832 1536 1887 iugulo
1571 1832 1716 1873 decur-
1740 1851 1786 1873 20

75 1940 80 1941 ν
179 1922 347 1958 rentem
370 1922 599 1972 exceptum
617 1917 745 1958 auida
766 1918 837 1958 siti
859 1918 1065 1958 comitiali
1086 1917 1236 1958 morbo
1258 1918 1481 1958 medentes
1501 1918 1717 1967 auferunt,

181 2003 255 2043 ubi
276 2004 404 2043 sunt?
444 2003 550 2043 item
571 2003 630 2043 illi
652 2003 725 2057 qui
747 2003 799 2043 de
821 2017 950 2043 arena
972 2002 1118 2043 ferinis
1139 2002 1327 2043 obsoniis
1349 2008 1546 2053 coenant,
1571 1983 1645 2057 qui
1666 2004 1718 2044 de

182 2102 299 2141 apro,
334 2088 406 2141 qui
438 2088 490 2128 de
521 2102 646 2128 ceruo
678 2089 862 2142 petunt?
924 2088 1039 2142 Aper
1068 2088 1137 2128 ille
1168 2102 1297 2142 quem
1328 2089 1586 2138 cruentauit,
1621 2103 1717 2130 con-

180 2172 387 2213 luctando
422 2173 613 2214 detersit.
674 2173 834 2214 Ceruus
867 2173 936 2214 ille
969 2173 1013 2214 in
1047 2173 1296 2228 gladiatoris
1330 2174 1538 2228 sanguine
1570 2175 1716 2215 iacuit.

181 2257 381 2311 Ipsorum
412 2272 609 2298 ursorum
638 2258 749 2298 aluei
781 2263 1050 2312 appetuntur
1081 2258 1348 2299 cruditantes
1379 2259 1521 2300 adhuc
1552 2260 1604 2300 de
1634 2261 1717 2301 uis-
1740 2277 1784 2307 25

183 2342 348 2382 ceribus
376 2342 588 2382 humanis.
649 2343 868 2383 Ructatur
895 2343 1075 2397 proinde
1103 2343 1156 2384 ab
1185 2343 1358 2384 homine
1386 2358 1483 2384 caro
1511 2350 1638 2398 pasta
1666 2345 1718 2385 de

183 2427 367 2467 homine.
428 2427 548 2467 Haec
564 2428 637 2481 qui
654 2428 792 2477 editis,
811 2434 1025 2482 quantum
1042 2429 1203 2470 abestis
1219 2444 1242 2469 a
1259 2429 1469 2470 conuiuiis
1485 2430 1717 2470 Christian-

182 2526 305 2552 orum
318 2513 332 2552 ’ἶ
394 2512 536 2552 Minus
563 2518 711 2553 autem
741 2518 784 2554 et
810 2513 870 2553 illi
899 2513 1067 2554 faciunt
1095 2514 1168 2568 qui
1195 2514 1373 2554 libidine
1400 2514 1489 2554 fera
1518 2514 1718 2555 humanis

183 2597 386 2636 membris
410 2597 594 2646 inhiant,
623 2598 724 2651 quia
749 2599 873 2639 uiuos
898 2600 1083 2639 uorant?
1128 2599 1270 2639 minus
1296 2599 1486 2640 humano
1511 2600 1718 2654 sanguine

183 2681 239 2720 ad
260 2681 511 2734 spurcitiam
533 2688 849 2732 consecrantur,
874 2683 974 2736 quia
995 2683 1192 2724 futurum
1213 2684 1466 2738 sanguinem
1486 2684 1713 2725 lambunt?
1737 2705 1784 2736 30

184 2765 283 2805 Non
305 2765 440 2805 edunt
460 2765 648 2806 infantes
670 2767 808 2820 plane,
833 2767 907 2808 sed
929 2768 1064 2822 magis
1086 2768 1280 2822 puberes.
1319 2768 1582 2820 sErubescat
1603 2783 1718 2810 error
