1827 3004
99 105 141 146 p.
166 91 219 131 72
240 89 266 130 l.
293 89 365 140 26]
603 82 1039 126 APOLOGETIOVS
1072 84 1120 123 21
1552 79 1634 120 303

101 202 234 250 Plato,
261 202 354 242 who
383 206 495 241 wen‘t·1
526 200 571 240 in
601 205 727 255 quest
760 199 806 239 of
831 197 1012 252 religion
1044 202 1088 237 bo
1120 196 1196 237 the
1225 192 1478 249 Egyptians,
1506 190 1636 246 Magi,

98 270 183 311 and
208 270 414 317 Persians,
428 269 502 310 did
523 275 599 310 nob
622 268 723 309 seek
746 268 781 309 ib
803 281 959 321 among
981 266 1056 307 'ohe
1078 265 1205 312 Jews,
1224 264 1276 304 he
1299 276 1394 318 says
1417 262 1485 314 (IV
1509 262 1533 300 2
1555 258 1636 315 ξ5)

98 340 170 381 sed
207 354 376 381 auersos
412 353 494 380 esse
530 337 717 379 arbitror
752 336 904 378 diuina
938 333 1222 389 prouidentia,
1257 346 1307 373 ne
1337 331 1442 372 scire
1470 334 1637 384 possent

97 409 331 455 ueritatem,
353 408 453 461 qnia
477 406 659 448 nondum
670 404 750 460 fas
767 409 858 446 erat
879 402 1128 457 alieniyenis
1142 399 1376 442 hominibus
1391 399 1635 453 reliqionem

99 478 169 519 dei
189 478 282 518 neri
301 477 589 531 iustitiamque
615 480 824 516 notescere.
887 472 1038 515 Celsus
1060 471 1105 512 in
1128 470 1245 525 Orig.
1268 481 1304 510 ΙΙ
1329 468 1383 510 78
1406 483 1465 523 pr.
1489 466 1636 507 makes
1656 481 1675 513 5

100 546 175 587 ‘ohe
197 545 289 587 Jew
312 545 412 586 ask:
444 543 492 597 (ἢ
523 543 596 585 ἐπὶ
626 542 767 597 τούτῳ
798 541 1023 593 κατῆλθεν,
1050 538 1100 582 ἵν’
1132 537 1494 588 ἀπιστήσωμεν;’
1528 534 1637 591 ’πρὸς

99 614 148 656 ὃν
189 614 429 667 λελέξεται,
467 612 544 653 οὐκ
586 611 659 653 ἐπὶ
703 610 841 665 τούτῳ
883 609 960 661 μὲν
1000 607 1146 660 ἦλθεν,
1183 605 1230 648 ἵν’
1274 606 1519 663 ἐργάσηται
1561 603 1639 656 ’τὴν

102 683 318 725 ἀπιστίαν
339 681 587 725 Ἰουδαίοις·
618 679 966 734 προὙιὙνώσκων
990 676 1023 719 δ’
1047 676 1184 729 αὐτὴν
1206 675 1418 729 ἐσομένην
1440 676 1637 730 προεῖπε.

188 768 227 808 p.
252 751 304 793 72
332 752 355 792 l.
380 753 433 793 23
463 750 589 806 Cypr.
614 750 679 790 De
707 749 860 789 Idolor.
884 748 989 788 Van.
1015 746 1037 788 7
1061 745 1080 802 ξ
1102 749 1125 788 5
1154 746 1211 787 ad
1237 746 1326 787 dies
1352 744 1637 800 qnadrayinta

99 827 335 864 remoratus
363 827 431 869 est,
462 826 504 861 nt
535 820 585 861 de
616 834 659 861 eo
691 819 748 859 ad
776 823 1002 873 praecepta
1032 816 1187 857 uitalia
1218 814 1376 855 instrui
1405 819 1576 868 possent,
1604 817 1641 854 et
1661 829 1701 851 10

99 891 307 932 discerent
337 904 442 944 qnae
473 889 669 930 docerent.

189 975 227 1015 p.
252 959 304 1000 72
328 960 351 999 l.
376 961 430 999 24
453 958 576 1013 Kaye
600 959 679 998 331
708 959 742 998 1.
786 958 867 996 215
892 970 930 995 n.
956 956 991 996 2.

190 1039 481 1069 CIRCVMFVSA
520 1026 646 1082 Cypr.
684 1025 750 1066 De
787 1025 893 1065 Idol.
931 1024 1037 1065 Van.
1078 1022 1100 1063 7
1145 1021 1164 1078 ἓ
1199 1024 1223 1063 6
1260 1027 1356 1063 tunc
1392 1021 1436 1062 in
1477 1021 1640 1062 caelum

102 1097 362 1152 circumfusa
403 1096 506 1137 nube
546 1095 734 1136 sublatas
775 1100 842 1136 est.
903 1093 1019 1134 Laoc.
1062 1092 1161 1133 Diu.
1204 1091 1333 1137 Instt.
1373 1102 1422 1131 IV
1465 1092 1516 1131 21
1559 1088 1578 1146 ξ
1616 1092 1637 1130 1

103 1166 299 1208 ordinato
331 1180 428 1206 uero
461 1163 683 1218 discipulis
713 1163 802 1204 suis
833 1162 1048 1217 eaanyelio
1081 1175 1130 1202 ac
1159 1160 1341 1202 nominis
1371 1160 1441 1201 sni
1463 1159 1640 1214 praedi·
1662 1171 1702 1202 15

104 1234 264 1276 catione
294 1233 569 1287 circumfudit
593 1247 634 1273 se
662 1237 827 1287 repente
850 1231 975 1272 nabes
1005 1244 1176 1285 eamque
1206 1232 1250 1270 in
1281 1229 1444 1271 caelant
1472 1228 1641 1270 sustulit

102 1302 426 1357 quadragesimo
458 1307 547 1355 post
571 1301 812 1356 passionem
842 1300 920 1341 die.

192 1386 231 1426 p.
265 1370 317 1411 72
355 1370 378 1410 l.
413 1372 465 1410 25
498 1369 612 1410 Tert.
650 1369 715 1410 De
750 1368 943 1424 Spectac.
981 1369 1035 1409 30
1072 1382 1110 1423 p.
1151 1369 1205 1408 20
1247 1367 1269 1408 l.
1310 1368 1364 1407 20
1407 1365 1531 1407 Wiss.
1572 1365 1644 1407 ubi

100 1439 327 1494 yandeam,
353 1438 419 1479 nbi
450 1438 659 1486 exsultem,
689 1443 746 1479 tot
770 1442 959 1492 spectans
988 1451 1110 1490 reyes,
1140 1436 1212 1490 qui
1238 1435 1282 1476 in
1308 1435 1471 1476 caelum
1492 1434 1645 1490 recepti

105 1509 423 1557 nantiabantzm
441 1523 535 1549 cnm
558 1507 663 1548 Ioue
689 1507 780 1561 ipso
802 1512 839 1547 et
860 1506 966 1561 ipsis
985 1506 1073 1546 suis
1095 1505 1263 1546 testibus
1282 1505 1329 1545 in
1349 1504 1449 1545 imis
1471 1503 1645 1545 tenebris
1664 1518 1707 1539 20

105 1579 475 1633 conyetnescentes?
541 1577 719 1618 Suebon.
754 1576 866 1631 Aug.
900 1577 982 1616 100
1023 1590 1094 1616 nec
1126 1574 1262 1630 defuit
1292 1574 1364 1614 uir
1389 1573 1643 1628 praetorius,

107 1647 179 1702 qni
206 1662 247 1688 se
280 1646 454 1701 effiyiem
487 1645 662 1687 cremati
691 1651 851 1686 euntem
885 1645 930 1685 in
963 1645 1127 1686 caeliam
1158 1643 1317 1684 uidisse
1341 1643 1516 1684 iuraret.
1578 1641 1642 1684 Cf.

110 1715 161 1756 D.
180 1714 295 1756 Cass.
313 1726 388 1754 LVI
408 1716 461 1755 46
484 1712 541 1769 §2
570 1713 827 1766 (Numerius
850 1712 1035 1754 Atticus.
1086 1712 1169 1752 Dio
1191 1712 1321 1752 refers
1343 1716 1388 1752 to
1411 1710 1644 1763 Proculus).

109 1783 261 1824 Liuius
291 1783 528 1831 Geminius,
551 1798 575 1823 a
603 1788 786 1831 senator,
812 1797 942 1823 swore
974 1782 1050 1823 the
1076 1796 1192 1822 same
1218 1781 1320 1822 oath
1349 1795 1395 1821 as
1423 1795 1448 1821 a
1473 1780 1646 1821 witness

108 1853 155 1893 of
176 1851 399 1893 Drusilla‘s
423 1851 642 1892 ascension
674 1852 779 1904 (A.D.
809 1852 883 1904 38)
914 1850 997 1891 Dio
1030 1861 1109 1890 LIX
1139 1852 1189 1890 11
1220 1848 1240 1906 g
1270 1851 1307 1890 4.
1360 1849 1458 1890 Sen.
1481 1848 1646 1904 Apoco-
1665 1860 1707 1891 25

109 1923 265 1977 loeynb.
302 1924 322 1961 1
361 1919 380 1977 ξ
412 1923 436 1961 2
473 1921 713 1974 (Drusilla).
776 1920 845 1962 On
886 1920 961 1961 ‘ohe
1003 1919 1123 1975 eagle
1165 1919 1211 1959 in
1251 1917 1564 1960 consecrations
1597 1918 1645 1959 of.

110 1989 369 2031 Artemidor.
402 2001 436 2030 ΙΙ
471 1992 535 2030 20.

197 2074 235 2114 p.
259 2058 312 2099 72
335 2058 359 2099 l.
384 2059 436 2099 26
463 2069 658 2098 PROCVLI
689 2057 743 2098 ad
775 2064 861 2098 nat.
892 2068 926 2097 ΙΙ
958 2056 980 2097 7
1012 2071 1049 2111 p.
1075 2057 1156 2097 106
1186 2055 1211 2096 l.
1236 2055 1285 2096 17
1318 2054 1442 2096 Wiss.
1465 2054 1648 2096 inrideri

103 2129 353 2183 peierantes.
415 2127 526 2183 Aug.
559 2127 625 2168 De
658 2126 753 2168 Ciu.
786 2126 867 2167 Dei
906 2137 960 2166 ΙΙΙ
998 2128 1050 2166 15
1090 2125 1269 2166 Haverc.
1331 2124 1490 2165 Arnob.
1530 2136 1543 2164 Ι
1581 2127 1646 2166 41.

112 2197 307 2237 Lactanb.
350 2208 365 2236 Ι
405 2199 456 2237 15
493 2195 512 2251 ξ
548 2198 614 2237 32.
681 2195 738 2236 So
773 2194 1017 2250 respeeting
1052 2193 1127 2234 the
1165 2193 1317 2234 visible
1354 2193 1573 2234 ascension
1607 2194 1709 2244 ofgo

112 2280 326 2320 emperors
349 2264 505 2305 Tabian
525 2267 577 2305 10
600 2279 638 2319 p.
659 2262 772 2305 149d.
824 2263 983 2304 Minue.
1003 2265 1053 2303 21
1077 2261 1097 2318 ἓ
1118 2264 1142 2304 9
1165 2263 1221 2315 (=
1238 2261 1364 2317 Cypr.
1387 2261 1513 2314 Quod
1535 2262 1648 2303 idola

112 2334 156 2374 di
189 2349 272 2374 non
305 2333 392 2374 sint,
423 2335 450 2373 4
483 2349 521 2389 p.
553 2336 603 2374 21
640 2335 685 2386 6)
716 2333 800 2373 nisi
818 2333 936 2388 forte
962 2338 1056 2387 post
1088 2337 1261 2373 mortem
1292 2331 1389 2372 deos
1410 2331 1582 2386 finyitis
1613 2338 1650 2373 et

106 2403 350 2457 perierante
371 2402 552 2443 Proculo
574 2401 674 2443 dens
694 2401 909 2442 Romulus.
962 2399 1055 2441 Liu.
1074 2411 1089 2439 Ι
1109 2401 1173 2440 16.
1222 2399 1333 2440 Plus..
1353 2399 1562 2440 Romulus
1583 2401 1650 2440 28.

114 2471 268 2512 lustin.
292 2471 414 2525 Apol.
442 2482 458 2510 Ι
481 2472 546 2510 21.
607 2470 729 2525 Apol.
753 2481 787 2509 ΙΙ
809 2484 839 2510 c.
865 2472 918 2510 14
940 2484 977 2524 p.
1002 2470 1066 2509 52.
1127 2468 1241 2508 Terin.
1270 2467 1381 2509 Adu.
1405 2468 1532 2509 Mare.
1555 2479 1603 2508 IV
1626 2468 1648 2508 7

113 2556 152 2596 p.
176 2542 260 2581 434
288 2540 310 2580 l.
341 2543 364 2580 5
397 2539 470 2580 ΚΓ.
497 2539 720 2593 indiynnm
749 2539 933 2593 deniqne,
963 2544 1004 2579 nt
1032 2538 1240 2579 Romulus
1266 2536 1433 2592 quidem
1462 2552 1653 2578 ascensus
1671 2555 1714 2586 35

115 2610 183 2651 sni
213 2610 259 2649 in
290 2609 450 2650 caelum
486 2608 676 2650 habuerit
707 2608 940 2649 Proculum
971 2608 1298 2662 adfirmatorem.
1361 2606 1606 2661 Schwegler
1637 2618 1652 2646 Ι

114 2691 154 2732 p.
179 2676 308 2717 5201.
332 2678 367 2716 9.
411 2678 490 2716 531
517 2676 540 2716 l.
566 2677 618 2716 10
641 2676 744 2717 A.V.
795 2675 960 2716 Pilatus
988 2690 1020 2716 c.
1051 2678 1074 2716 5
1105 2689 1144 2730 p.
1174 2677 1226 2715 18
1256 2674 1279 2715 l.
1312 2676 1363 2715 26
1383 2689 1420 2714 n.
1451 2673 1565 2715 cited
1597 2673 1654 2729 by

117 2745 271 2787 lustin.
294 2745 415 2801 Apol.
449 2757 462 2785 Ι
493 2747 558 2786 35.
591 2747 645 2785 48
678 2760 745 2801 pp.
777 2745 829 2787 76
853 2760 884 2786 c.
915 2747 970 2785 84
992 2760 1023 2786 c.
1085 2744 1153 2786 On
1185 2744 1260 2785 the
1292 2743 1398 2784 Acts
1429 2743 1476 2784 of
1505 2743 1654 2792 Pilate‚
