1827 3004
102 94 181 133 100
668 89 1066 133 TERTVLLIANI

99 205 297 245 Ceterum
333 204 580 251 daemonas,
616 202 656 242 id
696 207 762 242 est
796 202 954 256 genios,
997 202 1194 242 adiurare
1235 204 1547 253 consueuimus,
1586 209 1636 245 ut

98 281 192 322 illos
229 281 283 322 de
320 280 566 321 hominibus
605 280 839 334 exigamus,
880 294 967 320 non
1005 280 1204 330 deierare,
1246 286 1296 321 ut
1333 281 1392 321 eis
1430 281 1636 322 honorem

99 358 342 398 diuinitatis
372 357 655 397 conferamus.

181 487 254 528 33.
314 487 397 528 Sed
444 486 548 540 quid
595 501 671 541 ego
718 486 904 540 amplius
949 486 1002 526 de
1048 486 1249 541 religione
1294 491 1428 540 atque
1473 487 1637 541 pietate

99 565 340 606 Christiana
376 564 418 604 in
455 564 742 617 imperatore?
798 577 926 617 quem
962 577 1133 603 necesse
1169 568 1233 603 est
1268 563 1552 617 suspiciamus
1587 569 1637 604 ut
1655 582 1676 611 5

99 657 196 683 eum
227 656 355 695 quem
385 641 587 681 dominus
616 646 762 681 noster
792 640 931 694 elegit,
963 645 1014 680 ut
1043 640 1196 680 merito
1227 640 1431 681 dixerim:
1479 640 1637 681 Noster

99 723 164 759 est
197 719 333 772 magis
367 718 533 767 Caesar,
570 732 595 758 a
629 722 777 758 nostro
812 717 892 758 deo
927 717 1205 758 constitutus.
1265 718 1423 772 Itaque
1456 724 1508 759 ut
1541 733 1636 759 meo

98 794 194 848 plus
212 808 288 849 ego
305 794 364 834 1111
382 808 534 848 operor
549 793 594 834 in
611 793 810 843 salutem,
830 793 1043 847 siquidem
1060 808 1147 834 non
1164 794 1302 835 solum
1321 794 1375 835 ab
1394 809 1442 835 eo
1460 794 1633 848 postulo

99 885 193 911 eam
225 871 299 925 qui
331 876 477 925 potest
508 875 739 924 praestare,
773 875 852 910 aut
883 870 1001 924 quod
1032 870 1132 911 talis
1162 871 1334 925 postulo
1368 871 1441 925 qui
1472 885 1637 911 merear

96 949 342 1002 impetrare,
365 947 440 988 sed
461 947 593 987 etiam
614 947 731 1001 quod
752 952 999 1002 temperans
1020 947 1293 988 maiestatem
1314 947 1505 988 Caesaris
1524 948 1637 988 infra
1657 951 1699 986 1'0

98 1024 227 1065 deum
262 1024 398 1078 magis
432 1024 553 1064 illum
589 1023 844 1064 commendo
880 1024 973 1074 deo,
1012 1024 1079 1064 cui
1114 1024 1191 1065 soli
1227 1024 1403 1066 subicio.
1464 1025 1635 1066 Subicio

98 1107 245 1142 autem
268 1101 336 1141 cui
358 1115 444 1141 non
468 1100 679 1155 adaequo.
740 1100 839 1141 Non
863 1101 976 1141 enim
998 1101 1128 1142 deum
1150 1101 1456 1156 imperatorem
1479 1102 1633 1152 dicam,

98 1179 165 1219 uel
191 1179 293 1232 quia
317 1178 489 1218 mentiri
514 1178 669 1228 nescio,
696 1178 765 1218 uel
790 1177 891 1232 quia
915 1178 1036 1218 illum
1061 1178 1253 1219 deridere
1276 1193 1364 1219 non
1388 1179 1540 1229 audeo,
1567 1180 1635 1220 uel

99 1258 200 1312 quia
223 1271 301 1298 nec
322 1258 414 1311 ipse
436 1271 480 1298 se
504 1257 633 1298 deum
656 1257 775 1298 uolet
798 1257 894 1298 dici.
955 1257 998 1298 Si
1022 1258 1150 1298 homo
1174 1259 1242 1308 sit,
1267 1259 1448 1300 interest
1470 1260 1635 1301 1101111111

98 1339 177 1379 deo
203 1338 364 1379 cedere.
425 1337 540 1378 Satis
564 1337 726 1378 habeat
750 1337 957 1392 appellari
981 1338 1228 1392 imperator.
1291 1339 1463 1380 Grande
1489 1345 1532 1380 et
1556 1340 1637 1380 hoc
1658 1355 1699 1384 15

98 1433 255 1459 nomen
279 1423 355 1467 est,
381 1418 499 1472 quod
520 1431 544 1458 a
566 1417 646 1458 deo
668 1418 869 1458 traditur.
930 1417 1073 1472 Negat
1092 1418 1213 1458 illum
1234 1419 1540 1474 imperatorem
1563 1421 1636 1474 qui

99 1500 227 1540 deum
260 1499 387 1548 dicit3
436 1498 517 1539 nisi
551 1498 679 1539 homo
713 1499 769 1539 sit
800 1513 886 1539 non
921 1504 987 1539 est
1017 1499 1266 1553 imperator.
1326 1499 1560 1541 Hominem
1593 1515 1636 1541 se

99 1594 188 1620 esse
220 1579 351 1619 etiam
383 1579 659 1633 triumphans
689 1579 733 1619 in
764 1579 835 1619 1110
867 1579 1172 1620 sublimissimo
1205 1594 1331 1621 curru
1362 1581 1634 1622 admonetur.

99 1659 349 1714 Suggeritur
382 1659 495 1699 enim
530 1659 567 1699 ei
600 1674 624 1699 a
658 1664 800 1715 tergo:
852 1659 1034 1713 Respice
1068 1665 1168 1714 post
1200 1661 1264 1701 te!
1325 1661 1559 1702 Hominem
1593 1667 1636 1702 te

99 1739 339 1780 memento!
401 1739 460 1780 Et
485 1739 637 1793 utique
662 1739 742 1779 hoc
768 1739 904 1793 magis
928 1739 1090 1794 gaudet
1115 1744 1242 1781 tanta
1267 1755 1311 1781 se
1335 1741 1468 1795 gloria
1494 1755 1634 1782 corus-
1655 1756 1701 1777 20

99 1834 206 1870 care,
238 1826 289 1861 ut
317 1820 376 1860 1111
406 1820 646 1861 admonitio
677 1820 939 1861 condicionis
969 1835 1071 1861 suae
1101 1821 1158 1862 sit
1186 1823 1436 1864 necessaria.
1498 1823 1637 1864 Minor

99 1906 203 1950 erat,
236 1901 270 1941 si
301 1906 407 1941 tunc
438 1900 543 1941 deus
574 1901 800 1950 diceretur,
834 1901 935 1955 quia
966 1915 1053 1941 non
1084 1915 1183 1941 uere
1214 1901 1439 1943 diceretur.
1500 1902 1636 1944 MaiOr

101 1986 165 2021 est
195 1980 267 2034 qui
298 1985 540 2030 reuocatur,
572 1994 626 2020 ne
655 1994 699 2020 se
728 1979 858 2020 deum
889 1980 1119 2020 existimet.

182 2105 255 2146 34.
314 2106 549 2161 Augustus,
577 2106 745 2160 imperii
770 2106 993 2155 formator,
1021 2120 1074 2146 ne
1100 2106 1324 2148 dominum
1351 2108 1526 2162 quidem
1552 2108 1636 2149 dici

100 2200 142 2226 se
182 2186 379 2235 uolebat3
438 2192 481 2227 et
521 2187 600 2227 hoc
641 2187 753 2227 enim
794 2186 861 2227 dei
903 2192 967 2227 est
1006 2201 1256 2241 cognomen.
1316 2188 1470 2229 Dicam
1509 2190 1637 2244 plane
1654 2206 1698 2236 25

99 2267 404 2320 imperatorem
438 2267 675 2316 dominum,
711 2251 785 2307 sed
819 2281 936 2307 more
969 2268 1200 2317 communi,
1235 2268 1309 2309 sed
1342 2269 1517 2323 quando
1549 2285 1637 2311 non

101 2360 240 2401 cogor,
279 2353 326 2388 ut
359 2348 584 2388 dominum
618 2348 686 2388 dei
720 2348 813 2388 uice
847 2348 1001 2388 dicam.
1062 2347 1261 2389 Ceterum
1294 2349 1401 2389 liber
1433 2364 1528 2390 sum
1561 2350 1634 2392 illi.

101 2427 313 2468 Dominus
337 2429 450 2469 enim
474 2443 595 2469 meus
618 2443 730 2469 unus
754 2433 830 2477 est,
857 2428 963 2468 deus
985 2429 1260 2482 omnipotens
1283 2435 1496 2479 aeternus,
1521 2430 1636 2471 idem

103 2507 175 2559 qui
207 2512 250 2547 et
278 2507 425 2561 ipsius.
487 2508 568 2557 Qui
599 2514 723 2562 pater
752 2508 920 2562 patriae
951 2512 1028 2557 est,
1061 2508 1279 2561 quomodo
1310 2509 1510 2550 dominus
1541 2511 1632 2551 est?

103 2586 186 2626 Sed
223 2591 267 2627 et
303 2587 466 2641 gratius
505 2593 570 2628 est
606 2602 763 2628 nomen
801 2587 976 2641 pietatis
1014 2602 1146 2641 quam
1183 2589 1427 2642 potestatis.
1488 2589 1634 2630 Etiam
1653 2610 1699 2641 30

102 2665 290 2705 familiae
314 2666 449 2720 magis
473 2672 618 2720 patres
643 2682 774 2721 quam
799 2667 962 2707 domini
986 2672 1212 2708 uocantur.
1273 2668 1413 2708 Tanto
1438 2668 1562 2709 abest
1586 2675 1636 2710 ut

102 2745 337 2798 imperator
365 2745 470 2786 deus
499 2746 657 2786 debeat
685 2746 780 2795 dici,
813 2747 929 2800 quod
957 2761 1044 2787 non
1073 2752 1220 2801 potest
1247 2748 1361 2788 credi
1390 2763 1476 2789 non
1506 2751 1634 2791 modo
