1827 3004
184 117 263 157 218
748 116 1147 157 TERTVLLIANI
1405 119 1462 173 [p.
1488 120 1538 159 38
1560 118 1588 160 1.
1613 121 1720 159 30--

271 245 309 285 p.
333 233 386 271 38
410 231 433 271 l.
457 232 511 271 30
534 241 853 272 DIVINITATEM.
906 246 994 286 cap.
1019 233 1072 272 22
1096 232 1119 273 f.
1144 247 1182 287 p.
1207 231 1259 273 76
1283 232 1306 273 l.
1330 234 1396 273 33.

271 314 309 354 p.
333 302 388 340 40
410 300 433 340 l.
458 302 484 340 4
506 311 600 340 NISI
623 312 662 340 SI
685 316 716 342 c.
742 301 764 341 7
788 316 825 355 p.
852 303 903 342 26
927 301 950 342 l.
975 303 1010 342 9.

272 384 310 424 p.
333 371 388 410 40
411 369 434 409 l.
459 371 482 409 6
505 381 565 409 VT
586 381 800 409 ALICVIVS
822 381 970 410 OPERA
993 381 1245 411 INDIGERET
1266 371 1313 412 cf.
1336 370 1543 423 ἀνενδεής.

272 452 309 492 p.
333 439 388 478 40
418 437 441 478 1.
472 440 496 477 8
528 448 681 477 TOTVM
713 443 791 478 cet.
815 437 972 479 Arnob.
1007 449 1021 477 Ι
1054 440 1109 479 30
1135 439 1293 492 Apollo
1322 439 1436 480 uobis
1460 439 1589 493 pluit,
1611 438 1724 480 Mer-

146 522 165 553 5
186 507 328 547 curius
356 505 471 546 uobis
494 507 620 560 pluit,
657 507 952 561 Aesculapius,
987 507 1192 548 Hercules
1224 514 1298 549 aut
1330 508 1477 548 Diana
1517 508 1721 549 rationein

185 575 386 616 imbrium
417 581 785 630 tempestatumque
807 576 1058 630 finiverunt?
1089 582 1126 617 et
1155 576 1228 617 hoo
1250 577 1356 631 fieri
1377 577 1450 631 qui
1467 583 1607 631 potest,
1632 591 1725 618 oum

185 646 231 685 in
262 644 415 685 mundo
441 645 734 699 profiteamini
764 660 830 686 eos
858 651 978 685 natos
1009 651 1196 700 certoque
1224 651 1404 700 tempore
1425 661 1590 687 sensum
1612 645 1726 685 arri-

180 714 325 768 puisse
346 713 551 754 uitaleni?
600 714 638 754 si
668 713 779 755 enim
810 713 1008 767 temporis
1039 714 1289 768 antiquitate
1319 714 1501 754 mundus
1526 729 1591 755 eos
1613 719 1727 755 ante-

190 783 311 831 uenit,
326 788 363 823 et
378 782 638 836 priusquam
654 783 747 823 nati
766 788 872 830 sunt,
894 783 983 823 iani
1003 789 1177 824 nouerat
1192 783 1372 838 pluuias
1394 789 1728 838 tempestatesque

126 870 169 892 10
189 857 356 899 natura,
377 851 543 891 nullum
563 851 699 892 serius
721 851 813 892 nati
839 851 1012 905 pluendi
1032 852 1100 892 ius
1130 851 1289 901 liabent,
1311 867 1438 907 neque
1459 853 1517 894 eis
1547 853 1730 893 inserere

188 920 422 961 rationibus
454 935 496 961 se
532 926 716 975 possunt,
745 935 849 975 quas
889 921 1140 962 inuenerunt
1180 921 1246 963 hic
1286 922 1360 976 aqi
1400 927 1436 963 et
1476 922 1637 963 maiore
1678 921 1729 962 ab

189 994 357 1030 auctore
392 989 582 1030 tractari.
644 988 866 1044 Theophil.
900 1000 934 1029 ΙΙ
967 991 993 1029 4
1024 1005 1062 1044 p.
1096 992 1177 1031 820.
1239 990 1394 1032 Iustin.
1433 1006 1464 1031 e.
1501 990 1657 1045 Tryph.
1693 992 1728 1030 5.

190 1058 300 1099 Iren.
333 1058 400 1100 Fr.
435 1060 489 1099 34
520 1063 555 1110 (Ι
589 1060 672 1099 845
706 1058 800 1109 δὴ).

276 1142 313 1182 p.
337 1129 392 1168 40
415 1127 438 1168 l.
463 1130 487 1169 9
511 1139 746 1168 INNATVM:
778 1138 979 1168 INNATVS
1008 1128 1093 1169 and
1115 1139 1337 1170 INFECTVS
1359 1129 1424 1170 six
1446 1144 1537 1171 exx.
1561 1130 1607 1169 of
1627 1128 1730 1169 each

129 1213 170 1245 15
191 1197 235 1237 in
267 1197 377 1238 Adu.
411 1197 538 1239 Marc.
573 1209 587 1237 Ι
622 1200 686 1239 15.
750 1197 832 1237 For
858 1198 1030 1238 innatus
1061 1198 1290 1254 especially
1321 1199 1369 1240 cf.
1402 1213 1433 1240 c.
1466 1197 1532 1247 47,
1565 1213 1602 1254 p.
1638 1199 1731 1246 132,

191 1267 214 1308 l.
240 1268 293 1307 28
315 1281 353 1307 n.

278 1346 514 1376 INFECTVM
545 1335 787 1377 ἀτέλεστον
808 1336 861 1391 gl.
887 1336 1051 1378 Paulin.
1076 1336 1171 1378 Nol.
1197 1337 1271 1392 Ep.
1297 1339 1351 1378 24
1373 1336 1392 1393 ξ
1413 1339 1440 1378 4
1461 1352 1520 1392 pr.

278 1418 316 1459 p.
349 1405 405 1444 40
436 1404 460 1445 l.
496 1406 549 1445 10
587 1415 901 1444 PYTHAGORAM
935 1404 1158 1460 Theophil.
1192 1417 1244 1445 111
1279 1405 1301 1446 7
1335 1420 1372 1460 p.
1409 1408 1510 1446 121a
1541 1406 1608 1458 (cf.
1642 1405 1734 1458 112⁰)

194 1471 460 1528 Πυθαγόρας
484 1471 538 1522 δέ,
562 1475 761 1514 τοσαῦτα
788 1472 1024 1528 μοχθήσας
1046 1474 1148 1530 περὶ
1177 1474 1285 1515 θεῶν
1309 1475 1380 1516 καὶ
1404 1473 1482 1527 τὴν
1504 1474 1592 1516 ἄνω
1616 1475 1734 1516 κάτω

130 1562 174 1583 20
194 1541 376 1598 πορείαν
404 1543 713 1594 ποιησάμενος,
743 1541 939 1598 ἔσχατον
969 1541 1097 1598 ὁρίζει
1131 1543 1269 1598 φύσιν
1297 1544 1371 1585 καὶ
1401 1543 1735 1597 αὐτοματισμὸν

194 1610 304 1652 εἶναί
336 1615 474 1664 φησιν
505 1613 591 1652 τῶν
624 1610 820 1652 πάντων·
861 1610 986 1655 θεοὺς
1023 1612 1269 1663 ἀνθρώπων
1304 1613 1438 1666 μηδὲν
1476 1614 1734 1668 φροντίζειν.

195 1680 251 1721 So
280 1680 523 1722 Theodoret
554 1681 698 1722 Graec.
726 1681 809 1722 Af-f.
842 1680 940 1722 Cur.
971 1692 1019 1721 VI
1046 1680 1065 1737 ἓ
1096 1684 1147 1721 13
1178 1696 1214 1736 p.
1246 1681 1297 1722 87
1327 1682 1349 1722 1.
1380 1684 1443 1721 18.
1507 1682 1549 1723 Ρ.
1579 1682 1737 1738 taught>

194 1750 407 1805 necessity
430 1750 616 1791 Lasaulx
640 1750 825 1791 Studien
850 1766 887 1805 p.
913 1752 966 1791 24
988 1766 1027 1792 n.
1089 1751 1332 1792 Theodore‘o
1362 1751 1508 1792 Graec.
1532 1752 1613 1792 Aff.
1638 1751 1736 1793 Cur.

196 1831 243 1859 IV
272 1834 309 1874 p.
338 1818 389 1859 57
420 1819 531 1860 4-7
561 1818 610 1861 τὸ
640 1819 840 1860 πᾶν...οὐ
868 1817 1086 1872 «γεννητόν,
1110 1818 1212 1860 ἀλλ’
1240 1819 1377 1861 ἀΐδιον
1398 1820 1738 1875 (Xenophanes).

134 1906 175 1937 25
197 1888 473 1929 Parmenides
495 1888 549 1930 ib.
573 1889 596 1930 l.
622 1891 674 1928 24
698 1889 830 1930 οὖλον
851 1889 1107 1942 μουυοὙενές
1129 1906 1175 1930 τε
1197 1889 1270 1930 καὶ
1293 1888 1475 1942 ἀτρεμὲς·
1497 1888 1561 1941 ἠδ’
1586 1887 1738 1942 ἀνγένη-

197 1975 281 1999 τον.
343 1957 501 1998 Arnob.
536 1969 569 1997 ΙΙ
604 1958 656 1998 56
689 1956 895 1997 mundum
933 1957 1109 2011 quidam
1145 1972 1193 1998 esc
1228 1957 1484 2011 sapientibus
1516 1958 1741 1999 aestimant

199 2041 325 2081 neque
346 2042 430 2068 esse
449 2032 598 2067 natum
621 2041 748 2080 neque
769 2027 856 2067 ullo
886 2041 969 2067 esse
993 2027 1040 2066 in
1068 2032 1249 2080 tempore
1271 2026 1538 2080 periturunm
1567 2028 1739 2067 immor-

197 2097 325 2138 talem
345 2097 550 2145 nonnulli,
573 2097 768 2151 quamuis
790 2112 882 2137 euni
912 2095 1168 2138 conseribant
1194 2110 1277 2137 esse
1305 2102 1452 2137 natum
1473 2102 1510 2137 et
1532 2097 1741 2150 ,qenituenm

198 2167 333 2208 tertiis
354 2182 452 2208 ‘uero
476 2167 703 2208 collibitum
725 2167 860 2208 (licere
882 2173 950 2215 est,
972 2172 1009 2207 et
1030 2181 1112 2208 esse
1133 2171 1280 2206 natum
1302 2172 1339 2207 et
1361 2166 1549 2220 qenitum
1569 2171 1606 2206 et
1628 2165 1741 2206 ordi-

136 2255 180 2285 30
201 2238 326 2277 naria
344 2237 580 2278 necessitate
599 2237 849 2291 periturum.
903 2235 987 2277 Cic.
1007 2236 1128 2276 Tusc.
1147 2234 1265 2289 Disp.
1285 2246 1300 2274 Ι
1322 2232 1341 2289 ξ
1364 2234 1416 2275 70
1437 2234 1535 2276 haee
1556 2235 1689 2288 iqitur
1706 2240 1743 2276 et

200 2306 292 2346 alia
323 2305 653 2347 innunierabilia
686 2320 779 2346 oum
802 2306 1020 2353 cernimus,
1042 2318 1316 2358 possumusne
1346 2303 1539 2344 dubitare
1565 2303 1662 2358 quin
1686 2304 1743 2345 eis

197 2376 359 2430 praesit
390 2375 544 2429 aliquis
576 2375 641 2416 uel
673 2375 846 2429 effector,
867 2375 905 2415 si
930 2374 1030 2415 haee
1050 2380 1152 2414 nata
1173 2378 1279 2421 sunt,
1306 2378 1347 2413 ut
1368 2372 1543 2413 Platoni
1567 2372 1743 2421 uidetur,

205 2444 267 2485 uel
289 2444 326 2483 si
346 2459 508 2497 semper
517 2443 710 2498 fuerunt,
736 2450 777 2484 ut
798 2443 1023 2484 Aristoteli
1048 2443 1194 2497 placet,
1218 2442 1456 2482 moderator
1477 2442 1586 2482 tanti
1607 2442 1745 2496 operis

201 2518 238 2553 et
262 2513 474 2553 muneris?

140 2596 181 2626 35
290 2596 327 2635 p.
351 2583 406 2621 40
432 2581 471 2622 ll.
498 2583 662 2621 1:3—21
689 2596 798 2622 omn.
823 2580 980 2621 Arnob.
1005 2592 1019 2620 Ι
1043 2582 1107 2621 30.

290 2665 327 2704 p.
352 2653 404 2690 40
429 2651 451 2691 l.
477 2653 528 2690 15
552 2661 683 2690 CERTI
702 2661 860 2690 RVISSE
882 2665 913 2691 c.
938 2652 962 2691 9
985 2665 1023 2705 p.
1047 2651 1101 2691 34
1124 2650 1146 2691 l.
1171 2652 1207 2690 5.
1230 2664 1260 2691 c.
1286 2651 1338 2689 12
1362 2649 1386 2690 f.

292 2733 328 2773 p.
373 2720 426 2758 40
469 2719 491 2759 l.
538 2720 588 2759 16
637 2730 881 2759 FLORVISSE
924 2718 989 2758 De
1033 2717 1218 2758 Patient.
1264 2719 1287 2757 52
1329 2717 1402 2771 qui
1438 2717 1593 2771 florem
1638 2716 1746 2757 lucis

207 2787 330 2827 leuius
360 2802 485 2841 super
517 2787 646 2828 iustos
677 2793 713 2828 et
744 2787 920 2828 iniustos
963 2787 1196 2841 aequaliter
1235 2786 1410 2840 sparyit.
1473 2785 1584 2826 Adu.
1617 2785 1746 2826 Marc.
