1827 3004
151 77 227 115 134
714 74 1111 115 TERTVLLIANI

147 193 307 229 terunt.
369 188 435 228 Ex
476 189 627 228 horum
669 187 829 227 semine
869 187 998 227 etiam
1040 191 1234 226 nostram
1275 186 1386 226 hanc
1425 185 1681 226 nouitiolam

146 262 398 310 paraturam
447 256 526 297 uiri
576 256 753 309 quidam
802 255 889 295 suis
938 254 1212 308 opinionibus
1260 255 1315 295 ad
1364 254 1682 308 philosophicas

145 325 382 365 sententias
418 325 775 365 adulterauerunt
811 328 855 364 et
890 323 943 363 de
978 338 1065 363 una
1101 323 1172 363 uia
1208 322 1405 377 obliquos
1441 323 1602 363 multos
1638 327 1681 362 et

143 397 464 451 inexplicabiles
496 397 692 437 tramites
723 396 956 436 sciderunt.
1018 395 1143 444 Quod
1173 396 1269 436 ideo
1301 395 1594 449 suggesserim,
1627 409 1681 435 ne

144 470 211 510 cui
242 475 345 510 nota
375 470 564 510 uarietas
593 474 735 509 sectae
766 469 892 509 huius
920 469 965 509 in
995 468 1076 509 hoc
1106 483 1278 522 quoque
1308 483 1386 509 nos
1415 467 1680 522 philosophis

144 543 386 596 adaequare
417 542 618 582 uideatur
650 547 692 582 et
724 556 775 581 ex
807 541 1020 582 uarietate
1051 541 1349 581 defensionum
1380 541 1542 581 iudicet
1572 541 1679 581 ueri-

142 620 293 655 tatem.
354 615 570 669 Expedite
600 620 747 655 autem
778 614 1109 668 praescribimus
1139 614 1346 654 adulteris
1375 614 1533 655 nostris
1562 614 1680 654 illam

143 703 231 728 esse
265 688 456 743 regulam
492 688 690 728 ueritatis
725 702 835 741 quae
870 687 1020 728 ueniat
1054 702 1078 727 a
1114 687 1283 728 Christo
1318 688 1571 728 transmissa
1606 701 1681 741 per

141 762 320 802 comites
351 761 497 815 ipsius,
533 760 691 814 quibus
723 761 948 814 aliquanto
982 761 1238 814 posteriores
1271 760 1429 801 diuersi
1460 760 1532 801 isti
1567 774 1679 800 com-

142 840 406 875 mentatores
438 834 754 888 probabuntur.
818 833 973 874 Omnia
1006 834 1214 874 aduersus
1241 834 1472 874 ueritatem
1505 834 1560 874 de
1585 834 1679 887 ipsa

141 908 325 947 ueritate
373 912 623 948 constructa
671 912 786 955 sunt,
837 906 1118 960 operantibus
1166 907 1501 947 aemulationem
1548 906 1679 947 istam

141 980 365 1034 spiritibus
402 981 566 1021 erroris.
627 980 694 1021 Ab
732 980 797 1020 his
834 980 1047 1020 adulteria
1084 980 1331 1020 huiusmodi
1363 980 1565 1020 salutaris
1596 980 1678 1019 dis-

143 1053 325 1107 ciplinae
360 1053 610 1102 subornata,
648 1053 703 1094 ab
740 1053 804 1093 his
840 1053 1055 1107 quaedam
1096 1053 1227 1093 etiam
1267 1053 1440 1093 fabulae
1478 1053 1680 1093 inmissae

143 1141 253 1181 quae
285 1127 337 1167 de
368 1127 650 1167 similitudine
681 1127 811 1167 fidem
842 1126 1112 1166 infirmarent
1143 1126 1340 1167 ueritatis
1372 1126 1440 1167 uel
1473 1140 1567 1166 eam
1599 1126 1679 1167 sibi

142 1200 287 1254 potius
308 1200 566 1249 euincerent,
590 1206 640 1241 ut
660 1200 755 1254 quis
774 1200 871 1240 ideo
892 1214 979 1240 non
998 1205 1126 1254 putet
1146 1199 1398 1241 Christianis
1419 1200 1679 1241 credendum

143 1274 243 1328 quia
268 1289 345 1315 nec
370 1275 509 1328 poetis
533 1289 610 1314 nec
635 1274 913 1328 philosophis,
940 1274 1008 1314 uel
1032 1274 1128 1314 ideo
1153 1274 1289 1328 magis
1313 1275 1452 1328 poetis
1477 1280 1521 1315 et
1544 1275 1678 1329 philo-

142 1348 287 1402 sophis
335 1349 554 1389 existimet
602 1348 863 1389 credendum
912 1348 1013 1402 quia
1061 1362 1144 1388 non
1197 1348 1461 1389 Christianis.
1523 1349 1679 1403 Itaque

142 1422 330 1463 ridemur
358 1423 657 1477 praedicantes
687 1423 816 1463 deum
844 1422 1150 1462 iudicaturum.
1212 1421 1279 1462 Sic
1309 1422 1423 1462 enim
1453 1428 1496 1462 et
1524 1427 1679 1476 poe'tae

144 1502 187 1537 et
216 1497 458 1551 philosophi
488 1496 679 1537 tribunal
709 1496 827 1550 apud
856 1496 1014 1536 inferos
1043 1501 1226 1549 ponunt.
1287 1496 1346 1536 Et
1374 1496 1615 1550 gehennam
1645 1496 1678 1536 si

143 1571 465 1620 comminemur,
500 1585 610 1624 quae
641 1575 706 1610 est
735 1570 844 1625 ignis
875 1569 1019 1609 arcani
1050 1569 1377 1610 subterraneam
1408 1570 1464 1610 ad
1494 1584 1678 1624 poenam

143 1644 382 1694 thesaurus,
403 1645 582 1699 proinde
599 1645 975 1685 decachinnamur.
993 1694 995 1697 Ι
1037 1643 1104 1684 Sic
1122 1644 1235 1683 enim
1254 1649 1297 1684 et
1314 1644 1679 1699 Pyriphlegethon

144 1719 260 1772 apud
286 1724 479 1760 mortuos
505 1719 644 1759 amnis
670 1724 747 1759 est.
808 1718 867 1758 Et
892 1718 926 1758 si
952 1718 1200 1771 paradisum
1226 1718 1510 1767 nominemus,
1537 1718 1678 1759 locum

143 1792 316 1832 diuinae
331 1793 608 1833 amoenitatis
624 1792 877 1846 recipiendis
893 1796 1143 1832 sanctorum
1159 1791 1382 1845 spiritibus
1397 1792 1677 1842 destinatum,

143 1867 329 1906 maceria
357 1866 547 1920 quadam
576 1867 725 1920 igneae
753 1866 866 1906 illius
894 1880 1028 1906 zonae
1057 1879 1081 1905 a
1110 1865 1268 1906 notitia
1297 1865 1411 1906 orbis
1441 1867 1680 1906 communis

143 1944 426 1994 segregatum,
450 1940 585 1993 Elysii
607 1939 748 1993 campi
768 1939 899 1979 fidem
920 1943 1256 1992 occupauerunt.
1317 1938 1444 1979 Unde
1466 1939 1583 1988 haec,
1607 1954 1680 1980 oro

144 2027 234 2061 uos,
258 2013 523 2066 philosophis
545 2017 623 2052 aut
644 2012 783 2066 poetis
806 2017 898 2052 tam
920 2011 1183 2052 consimilia?
1246 2011 1428 2052 Nonnisi
1450 2012 1503 2052 de
1524 2013 1681 2053 nostris

143 2086 436 2126 sacramentis.
497 2085 539 2126 Si
567 2086 620 2126 de
648 2086 807 2126 nostris
835 2085 1128 2134 sacramentis,
1160 2090 1210 2125 ut
1240 2085 1293 2125 de
1323 2086 1550 2140 prioribus,
1585 2100 1681 2141 ergo

144 2160 336 2200 fideliora
377 2165 480 2200 sunt
521 2165 669 2200 nostra
712 2160 935 2214 magisque
977 2159 1202 2208 credenda,
1249 2174 1432 2213 quorum
1475 2160 1682 2214 imagines

145 2247 317 2287 quoque
343 2233 473 2273 fidem
499 2233 741 2274 inueniunt.
802 2233 845 2274 Si
873 2233 925 2273 de
952 2233 1039 2273 suis
1066 2233 1273 2281 sensibus,
1303 2233 1390 2273 iam
1419 2247 1515 2287 ergo
1543 2248 1680 2274 sacra-

145 2312 293 2347 menta
325 2312 473 2347 nostra
504 2307 712 2361 imagines
744 2307 1031 2361 posteriorum
1064 2307 1354 2356 habebuntur,
1391 2307 1507 2360 quod
1539 2321 1681 2347 rerum

145 2380 284 2421 forma
336 2395 422 2421 non
475 2382 672 2421 sustinet.
734 2381 971 2435 Nunquam
1025 2381 1137 2421 enim
1191 2395 1345 2435 corpus
1398 2381 1552 2421 umbra
1604 2387 1682 2422 aut

145 2456 375 2496 ueritatem
406 2456 548 2510 imago
580 2457 812 2510 praecedit.

227 2585 300 2625 48.
361 2585 449 2639 Age
474 2586 573 2634 iam,
602 2586 636 2626 si
663 2587 735 2640 qui
762 2586 1043 2640 philosophus
1069 2586 1282 2635 adfirmet,
1311 2592 1361 2627 ut
1386 2588 1448 2627 ait
1474 2587 1680 2628 Laberius

144 2660 197 2700 de
223 2661 438 2701 sententia
465 2662 750 2716 Pythagorae,
780 2663 998 2703 hominem
1025 2663 1114 2703 fieri
1142 2677 1193 2704 ex
1220 2663 1349 2712 mulo,
1379 2663 1599 2704 colubram
1627 2677 1679 2704 ex

1700 482 1723 513 5

1701 852 1747 874 10

1701 1215 1745 1246 15

1700 1586 1746 1608 20

1703 1953 1749 1983 25

1702 2323 1749 2355 30
