1827 3004
84 128 137 168 88
653 124 1051 165 TERTVLLIANI

84 242 201 295 apud
235 241 437 281 Sirmium
470 239 729 294 reipublicae
764 244 965 293 exempto
999 238 1068 279 die
1101 243 1223 278 sexto
1258 237 1424 278 decimo
1458 236 1616 276 Kalen-

83 310 235 350 darum
266 309 477 363 Aprilium
508 308 764 362 archigallus
792 307 861 347 ille
891 307 1187 348 sanctissimus
1217 306 1285 347 die
1313 320 1428 346 nono
1458 305 1615 345 Kalen-

82 379 235 419 darum
276 377 521 426 earundem,
564 391 650 431 quo
690 376 942 430 sanguinem
981 376 1185 430 inpurum
1224 375 1406 415 lacertos
1446 388 1617 428 quoque

83 447 312 487 castrando
339 446 518 495 libabat,
548 460 625 499 pro
653 445 792 485 salute
818 445 1090 499 imperatoris
1118 444 1249 484 Marci
1275 443 1362 484 iam
1389 442 1617 496 intercepti

81 516 208 556 solita
238 529 374 569 aeque
403 514 583 568 imperia
614 513 855 554 mandauit.
917 513 951 554 O
982 513 1158 553 nuntios
1188 512 1357 553 tardos!
1406 526 1430 551 o
1460 511 1615 551 somni·
1636 524 1655 555 5

82 585 225 624 culosa
266 583 528 637 diplomata!
586 596 771 636 quorum
810 581 919 622 uitio
960 595 1181 622 excessum
1220 580 1492 635 imperatoris
1531 594 1617 620 non

81 658 182 693 ante
207 652 364 706 Cybele
389 651 604 706 cognouit,
632 665 685 691 ne
709 651 835 691 deam
860 650 992 691 talem
1016 650 1205 690 riderent
1229 648 1473 690 Christiani.
1534 647 1617 688 Sed

80 735 166 761 non
195 721 345 761 statim
375 726 418 761 et
445 720 612 774 Iupiter
640 719 812 761 Cretam
840 733 963 760 suam
991 718 1201 759 Romanis
1229 717 1416 758 fascibus
1445 716 1617 757 concuti

80 796 249 844 sineret,
289 795 449 835 oblitus
485 799 661 834 antrum
696 793 803 834 illud
839 793 1020 833 Idaeum
1059 798 1102 833 et
1138 806 1236 833 aera
1273 791 1537 845 Corybantia
1575 796 1617 831 et

78 870 433 911 iocundissimum
462 869 547 909 illic
575 868 755 909 nutricis
784 883 886 909 suae
915 868 1103 909 odorem.
1163 867 1318 907 Nonne
1347 866 1463 907 omni
1494 865 1614 920 Capi·
1639 884 1680 906 10

80 946 183 986 tolio
221 945 439 986 tumulum
476 944 598 984 illum
636 958 762 984 suum
799 943 1129 998 praeposuisset,
1169 948 1219 983 ut
1256 957 1304 982 ea
1342 941 1487 996 potius
1524 940 1617 981 orbi

79 1026 218 1061 terrae
264 1019 539 1074 praecelleret
587 1033 698 1073 quae
746 1019 906 1059 cineres
954 1018 1071 1058 Iouis
1119 1017 1256 1058 texit?
1319 1016 1458 1057 Vellet
1506 1015 1616 1055 Iuno

79 1095 287 1136 Punicam
326 1093 477 1134 urbem
517 1093 770 1147 posthabita
809 1093 938 1133 Samo
978 1093 1180 1133 dilectam
1220 1092 1274 1132 ab
1315 1091 1616 1131 Aeneadarum

77 1176 206 1225 gente
236 1170 392 1210 deleri?
456 1168 582 1218 Quod
612 1169 744 1208 sciam
1433 1218 1444 1228 ο

964 1237 1032 1277 hic
1062 1236 1174 1276 illius
1204 1250 1336 1284 arma,
1638 1245 1678 1276 15

243 1307 327 1347 Hic
357 1320 505 1347 currus
535 1306 632 1355 fuit,
665 1306 746 1346 hoc
775 1320 954 1360 regnum
985 1305 1065 1346 dea
1095 1304 1297 1359 gentibus
1328 1318 1429 1353 esse,

245 1376 287 1417 Si
315 1390 401 1430 qua
428 1375 521 1416 fata
548 1375 707 1424 sinant,
736 1375 823 1415 iam
851 1380 946 1415 tum
974 1374 1202 1427 tenditque
1229 1373 1448 1427 fouetque.

79 1445 231 1485 Misera
265 1445 336 1485 illa
370 1444 558 1487 coniunx
592 1444 708 1484 Iouis
743 1449 786 1484 et
818 1458 936 1484 soror
968 1443 1175 1483 aduersus
1208 1442 1301 1482 fata
1334 1455 1421 1482 non
1454 1440 1614 1481 ualuit!

79 1514 211 1554 Plane

578 1581 688 1621 Fato
721 1586 811 1621 stat
842 1580 1010 1635 Iupiter
1039 1580 1142 1634 ipse.
1638 1591 1682 1614 20

80 1657 167 1697 Nec
190 1662 365 1698 tantum
386 1662 534 1697 tamen
555 1656 728 1696 honoris
748 1655 851 1696 fatis
872 1654 1060 1696 Romani
1081 1654 1338 1695 dicauerunt
1358 1653 1617 1694 dedentibus

79 1732 157 1773 sibi
180 1731 483 1786 Carthaginem
504 1731 711 1771 aduersus
732 1731 1000 1771 destinatum
1021 1735 1262 1783 uotumque
1282 1728 1461 1769 Iunonis
1482 1741 1615 1781 quan-

78 1813 173 1848 tum
210 1807 593 1861 prostitutissimae
629 1807 756 1861 lupae
794 1806 1065 1846 Larentinae.
1127 1806 1274 1846 Plures
1311 1805 1414 1845 deos
1450 1810 1618 1845 uestros

78 1896 276 1937 regnasse
298 1887 464 1922 certum
487 1887 564 1922 est.
626 1882 766 1935 Igitur
787 1881 821 1921 si
844 1880 1090 1921 conferendi
1112 1879 1279 1934 imperii
1302 1885 1454 1920 tenent
1476 1884 1615 1933 potes-

79 1962 230 2006 tatem,
260 1971 357 1997 cum
384 1957 463 2010 ipsi
490 1962 732 2011 regnarent,
761 1970 785 1996 a
813 1955 972 2009 quibus
997 1960 1254 2009 acceperant
1280 1969 1375 1995 eam
1401 1954 1613 2008 gratiam?
1640 1968 1680 1998 25

80 2032 217 2080 Quem
251 2032 442 2072 coluerat
475 2031 687 2071 Saturnus
722 2036 766 2071 et
799 2031 991 2084 Iupiter?
1054 2030 1268 2083 Aliquem,
1304 2029 1468 2083 opinor,
1504 2028 1615 2069 Ster—

80 2107 236 2147 culum.
298 2106 380 2147 Sed
412 2112 561 2160 postea
594 2106 781 2146 Romani
813 2120 911 2146 cum
942 2105 1152 2159 indigenis
1183 2105 1282 2153 suis,
1316 2105 1447 2145 etiam
1479 2104 1513 2144 si
1544 2104 1617 2157 qui

79 2195 165 2221 non
220 2183 536 2236 regnauerunt?
599 2181 762 2221 Tamen
818 2181 1111 2235 regnabantur
1165 2179 1220 2220 ab
1276 2180 1369 2220 aliis
1423 2179 1617 2219 nondum

79 2256 317 2296 cultoribus
340 2257 439 2305 suis,
465 2262 516 2297 ut
540 2256 613 2310 qui
637 2256 832 2297 nondum
857 2256 925 2296 dei
949 2254 1236 2295 habebantur.
1298 2255 1411 2309 Ergo
1436 2254 1617 2294 aliorum

80 2335 145 2370 est
177 2344 356 2384 regnum
389 2331 504 2379 dare,
541 2330 641 2384 quia
675 2329 939 2384 regnabatur
972 2329 1110 2370 multo
1144 2335 1246 2370 ante
1280 2343 1411 2383 quam
1444 2329 1515 2369 isti
1549 2328 1617 2369 dei
1637 2345 1680 2376 30

78 2405 380 2445 inciderentur.
442 2405 525 2445 Sed
548 2420 680 2459 quam
703 2419 866 2445 uanum
889 2410 955 2445 est
976 2404 1199 2458 fastigium
1222 2404 1410 2443 Romani
1433 2403 1618 2444 nominis

79 2479 368 2534 religiositatis
398 2479 561 2519 meritis
589 2479 812 2533 deputare,
844 2493 942 2519 cum
972 2484 1072 2533 post
1098 2479 1327 2533 imperium
1357 2478 1446 2518 siue
1475 2478 1618 2519 adhuc

79 2568 258 2608 regnum
288 2554 433 2608 religio
465 2553 706 2607 profecerit.
767 2555 857 2609 Age
888 2554 989 2603 iam,
1023 2553 1151 2594 rebus
1182 2553 1326 2607 religio
1358 2552 1613 2606 profecerit?

81 2629 194 2670 Nam
216 2630 295 2670 etsi
315 2644 340 2670 a
360 2630 506 2670 Numa
526 2636 736 2684 concepta
758 2636 822 2671 est
843 2630 1068 2671 curiositas
1088 2629 1400 2684 superstitiosa,
1422 2629 1617 2669 nondum

81 2709 227 2745 tamen
262 2710 339 2744 aut
372 2704 611 2744 simulacris
644 2710 722 2745 aut
756 2705 929 2758 templis
963 2718 1027 2744 res
1062 2704 1210 2745 diuina
1244 2703 1361 2757 apud
1396 2703 1618 2744 Romanos
1638 2720 1679 2752 35

82 2778 325 2818 constabat.
386 2779 514 2833 Frugi
546 2779 690 2833 religio
724 2784 767 2820 et
798 2792 1009 2833 pauperes
1040 2779 1149 2820 ritus
1181 2783 1225 2819 et
1255 2777 1373 2818 nulla
1406 2777 1617 2831 Capitolia
