1827 3004
183 46 231 83 16
744 45 1141 86 TERTVLLIANI

177 172 254 198 nec
280 164 451 199 tantum
478 159 675 200 refutabo
701 174 811 213 quae
835 159 958 199 nobis
983 159 1242 209 obiciuntur,
1270 161 1344 201 sed
1370 162 1501 202 etiam
1526 162 1569 202 in
1594 163 1711 216 ipsos

177 244 433 296 retorquebo
464 244 536 297 qui
566 243 771 292 obiciunt,
804 249 853 283 ut
883 258 932 283 ex
964 243 1044 283 hoc
1073 258 1245 297 quoque
1273 245 1415 286 sciant
1443 246 1636 288 homines
1665 248 1709 288 in

178 326 428 368 Christianis
444 344 529 368 non
547 343 634 369 esse
651 344 760 382 quae
776 329 819 368 in
836 343 879 368 se
896 329 1093 369 nesciunt
1109 343 1210 378 esse,
1229 330 1355 370 simul
1372 331 1435 371 uti
1453 331 1709 374 erubescant

176 419 427 453 accusantes
466 428 551 453 non
591 414 685 453 dico
726 413 895 467 pessimi
946 413 1146 467 optimos,
1189 414 1263 454 sed
1306 415 1406 464 iam,
1450 422 1499 457 ut
1538 417 1705 467 uolunt,

175 510 379 549 conpares
418 512 528 537 suos.
590 497 964 551 Respondebimus
1003 497 1058 537 ad
1098 498 1264 553 singula
1305 504 1415 553 quae
1454 500 1498 540 in
1538 502 1706 542 occulto
1727 517 1748 546 5

174 580 402 621 admittere
427 582 620 631 dicimur,
648 597 758 636 quae
785 583 877 623 illos
902 583 1047 636 palam
1072 583 1356 625 admittentes
1378 585 1635 637 inuenimus,
1662 588 1706 628 in

174 665 329 718 quibus
352 667 529 716 scelesti,
555 667 598 707 in
623 667 779 721 quibus
802 668 916 716 uani,
939 668 984 708 in
1008 668 1165 722 quibus
1188 666 1460 728 damnandis,
1482 671 1527 711 in
1549 672 1706 725 quibus

172 750 381 791 inridendi
417 751 690 805 deputamur.
751 752 832 793 Sed
864 753 1081 806 quoniam,
1115 768 1213 794 cum
1244 754 1299 795 ad
1337 756 1481 796 omnia
1519 759 1706 799 occurrit

172 835 330 875 ueritas
360 842 519 885 nostra,
548 842 765 890 postremo
796 837 937 892 legum
968 837 1210 879 obstruitur
1233 840 1471 881 auctoritas
1496 841 1704 883 aduersus

171 932 278 968 eam,
296 926 345 960 ut
359 926 436 961 aut
449 921 552 961 nihil
568 921 737 962 dicatur
750 923 1075 963 retractandum
1091 937 1180 964 esse
1193 929 1292 978 post
1305 925 1417 979 leges
1431 931 1509 966 aut
1523 926 1703 981 ingratis
1726 944 1769 966 10

169 1006 398 1046 necessitas
419 1006 611 1061 obsequii
627 1008 896 1062 praeferatur
916 1009 1104 1058 ueritati,
1128 1009 1181 1049 de
1196 1009 1365 1064 legibus
1387 1011 1504 1064 prius
1526 1026 1701 1053 concur-

168 1104 258 1129 ram
280 1090 503 1131 uobiscum
526 1097 575 1133 ut
596 1107 693 1133 cum
713 1093 929 1134 tutoribus
945 1094 1100 1149 legum.
1161 1096 1256 1136 Iam
1274 1097 1461 1150 primum
1480 1112 1578 1138 cum
1596 1099 1701 1140 dure

168 1174 355 1216 definitis
377 1176 579 1218 dicendo:
610 1178 707 1218 Non
728 1179 828 1219 licet
849 1193 938 1220 esse
958 1180 1057 1220 uos!
1089 1185 1132 1221 et
1153 1181 1234 1221 hoc
1249 1181 1340 1222 sine
1356 1182 1442 1222 ullo
1458 1188 1699 1226 retractatu

167 1254 417 1295 humaniore
456 1257 756 1310 praescribitis,
792 1258 881 1298 uim
916 1259 1178 1313 profitemini
1213 1266 1256 1301 et
1287 1261 1482 1316 iniquam
1517 1277 1569 1304 ex
1602 1278 1698 1305 arce

165 1334 518 1385 dominationem,
537 1337 571 1377 si
587 1337 682 1378 ideo
699 1339 865 1393 negatis
885 1339 1022 1389 licere,
1042 1341 1143 1394 quia
1159 1341 1305 1391 uultis,
1324 1357 1411 1382 non
1428 1343 1529 1396 quia
1546 1343 1698 1385 debuit
1719 1361 1763 1392 15

164 1428 249 1453 non
277 1414 412 1456 licere.
474 1416 647 1467 Quodsi,
672 1418 772 1471 quia
793 1433 880 1459 non
901 1419 1043 1469 debet,
1067 1420 1162 1461 ideo
1184 1435 1271 1461 non
1292 1422 1425 1463 uultis
1446 1423 1582 1474 licere,
1606 1424 1697 1465 sine

163 1493 293 1534 dubio
326 1494 369 1534 id
402 1510 487 1535 non
520 1495 650 1537 debet
680 1497 805 1538 licere
838 1499 954 1552 quod
988 1500 1099 1540 male
1131 1500 1193 1550 fit,
1230 1507 1273 1542 et
1306 1502 1458 1556 utique
1490 1503 1571 1544 hoc
1602 1504 1695 1558 ipso

161 1573 480 1625 praeiudicatur
514 1575 637 1616 licere
672 1577 788 1631 quod
823 1577 932 1619 bene
966 1579 1029 1620 fit.
1090 1579 1132 1621 Si
1167 1580 1331 1622 bonum
1365 1582 1570 1625 inuenero
1606 1599 1695 1626 esse

162 1653 276 1705 quod
300 1654 367 1694 lex
392 1660 468 1695 tua
492 1656 725 1709 prohibuit,
751 1673 894 1699 nonne
919 1673 971 1700 ex
994 1660 1065 1700 illo
1089 1661 1352 1714 praeiudicio
1376 1663 1602 1716 prohibere
1626 1679 1694 1705 me

160 1746 246 1772 non
272 1740 416 1787 potest
442 1736 570 1789 quod,
599 1738 632 1778 si
659 1738 822 1779 malum
849 1745 972 1789 esset,
1000 1740 1091 1781 iure
1117 1742 1390 1795 prohiberet?
1453 1743 1495 1784 Si
1521 1744 1590 1785 lex
1616 1751 1693 1786 tua
1715 1761 1760 1783 20

161 1813 330 1862 errauit,
364 1820 482 1868 puto,
516 1816 570 1857 ab
602 1817 774 1858 homine
805 1825 1014 1873 concepta
1045 1826 1131 1870 est3
1178 1835 1318 1876 neque
1349 1823 1462 1863 enim
1492 1823 1545 1864 de
1576 1825 1692 1865 caelo

158 1891 256 1931 ruit.
316 1892 529 1935 Miramini
556 1896 772 1937 hominem
798 1904 876 1939 aut
901 1913 1040 1940 errare
1066 1901 1258 1954 potuisse
1282 1902 1326 1942 in
1351 1902 1441 1957 lege
1467 1904 1692 1945 condenda

157 1975 235 2010 aut
270 1973 493 2026 resipuisse
529 1975 569 2014 in
609 1977 906 2030 reprobanda?
969 1979 1068 2020 Non
1106 1980 1219 2021 enim
1257 1986 1300 2022 et
1334 1982 1469 2036 ipsius
1505 1983 1690 2038 Lycurgi

156 2048 266 2103 leges
297 2066 322 2091 a
353 2052 702 2096 Lacedaemoniis
733 2058 988 2099 emendatae
1019 2064 1195 2100 tantum
1226 2061 1392 2101 auctori
1423 2076 1500 2103 suo
1532 2062 1690 2104 doloris

158 2128 436 2181 incusserunt,
487 2139 537 2174 ut
582 2135 622 2175 in
674 2150 841 2177 secessu
887 2139 1029 2179 inedia
1078 2140 1130 2180 de
1178 2142 1408 2195 semetipso
1456 2142 1684 2184 iudicarit?
1708 2162 1753 2193 25

155 2206 306 2249 Nonne
347 2216 390 2251 et
429 2226 505 2252 uos
546 2215 701 2255 cotidie
742 2218 1046 2270 experimentis
1085 2220 1446 2263 inluminantibus
1486 2224 1686 2264 tenebras

155 2288 429 2341 antiquitatis
458 2297 597 2333 totam
625 2294 742 2335 illam
771 2302 961 2338 ueterem
991 2304 1035 2339 et
1062 2300 1332 2353 squalentem
1361 2302 1514 2343 siluam
1543 2304 1685 2358 legum

155 2367 276 2407 nouis
292 2369 589 2424 principalium
604 2375 908 2429 rescriptorum
925 2383 967 2418 et
983 2379 1222 2420 edictorum
1237 2382 1456 2423 securibus
1472 2384 1684 2425 truncatis

155 2451 198 2486 et
221 2448 422 2490 caeditis?
484 2450 637 2492 Nonne
660 2455 915 2497 uanissimas
939 2457 1095 2511 Papias
1118 2459 1242 2513 leges,
1269 2475 1379 2514 quae
1403 2467 1505 2502 ante
1528 2462 1682 2503 liberos

153 2526 308 2579 suscipi
333 2535 491 2581 cogunt
516 2545 646 2584 quam
668 2532 803 2574 Iuliae
828 2537 1153 2578 matrimonium
1178 2540 1387 2589 contrahi,
1410 2547 1510 2594 post
1532 2547 1682 2582 tantae
1704 2563 1748 2593 30

151 2605 421 2647 auctoritatis
435 2615 701 2651 senectutem
716 2612 804 2653 heri
820 2613 1013 2665 Seuerus,
1031 2618 1406 2660 constantissimus
1422 2620 1678 2674 principum,

152 2682 357 2725 exclusit?
419 2686 500 2727 Sed
525 2694 567 2729 et
589 2689 802 2732 iudicatos
823 2693 868 2733 in
891 2700 1036 2748 partes
1059 2697 1191 2737 secari
1215 2712 1239 2738 a
1263 2698 1546 2741 creditoribus
1568 2700 1680 2755 leges
