1827 3004
193 92 216 130 6
757 89 1154 130 TERTVLLIANI

189 204 257 244 uel
293 204 384 244 fato
420 204 487 244 uel
523 203 648 244 astris
682 203 927 256 imputant3
979 202 1135 242 nolunt
1170 202 1283 242 enim
1318 216 1444 242 suum
1481 216 1582 251 esse,
1620 202 1721 256 quia

190 283 352 323 malum
385 287 636 336 agnoscunt.
698 281 965 321 Christianus
997 295 1098 321 uero
1133 281 1237 334 quid
1270 281 1432 322 simile?
1494 281 1721 321 Neminem

190 363 337 416 pudet,
384 363 598 402 neminem
643 361 848 415 paenitet,
894 361 974 401 nisi
1018 360 1146 414 plane
1188 365 1302 401 retro
1346 375 1433 401 non
1476 360 1618 401 fuisse.
1680 361 1722 401 Si

189 442 436 491 denotatur,
464 442 692 495 gloriatum
735 441 768 481 si
795 445 1034 489 accusatur,
1062 454 1149 480 non
1175 440 1391 489 defendit:
1433 440 1723 495 interrogatus

190 523 255 562 uel
280 522 392 562 ultro
416 522 657 571 confitetur,
682 522 916 561 damnatus
937 521 1098 575 gratias
1119 520 1221 574 agit.
1284 520 1396 569 Quid
1418 520 1498 561 1100
1520 521 1621 561 mali
1644 526 1719 570 est,
1745 540 1765 569 5

191 602 307 655 quod
333 602 547 642 naturalia
575 602 672 642 mali
702 616 788 641 non
815 600 959 649 habet,
989 601 1201 649 timorem,
1225 600 1447 654 pudorem,
1471 601 1721 655 tergiuersa-

189 681 364 730 tionem,
392 681 718 735 paenitentiam,
747 680 1115 733 deplorationem?
1179 679 1318 728 Quid?
1349 680 1429 720 hoc
1454 680 1617 720 malum
1644 685 1720 728 est,

190 761 309 800 cuius
326 774 422 800 reus
439 760 626 814 gaudet?
665 760 784 800 cuius
802 760 1020 800 accusatio
1038 764 1192 800 uotum
1211 765 1276 800 est
1295 764 1338 800 et
1355 773 1493 813 poena
1511 759 1719 800 felicitas?

189 840 286 880 Non
319 846 441 894 potes
473 841 737 881 dementiam
770 841 920 889 dicere,
956 841 1029 894 qui
1060 840 1289 880 reuinceris
1320 841 1527 894 ignorare.

271 981 312 1022 2.
373 982 414 1022 Si
451 988 615 1021 certum
653 987 717 1022 est
752 981 937 1034 denique
972 995 1051 1021 nos
1085 982 1412 1022 nocentissimos
1449 996 1550 1031 esse,
1589 996 1663 1022 cur
1699 996 1721 1022 a
1748 999 1791 1022 10

188 1062 311 1102 uobis
344 1062 446 1115 ipsis
481 1062 604 1102 aliter
637 1067 878 1102 tractamur
911 1076 1043 1116 quam
1077 1076 1201 1116 pares
1234 1062 1382 1111 nostri,
1418 1063 1462 1103 id
1497 1068 1561 1103 est
1595 1063 1723 1103 ceteri

188 1148 403 1190 nocentes,
439 1156 536 1182 cuni
570 1142 760 1182 eiusdem
792 1156 932 1182 noxae
965 1142 1114 1182 eadem
1147 1143 1354 1184 tractatio
1387 1143 1563 1184 deberet
1593 1144 1722 1184 inter-

186 1221 357 1262 uenire?
422 1221 718 1275 Quodcunque
753 1222 947 1271 dicimur,
984 1236 1082 1262 cum
1117 1222 1187 1262 alii
1222 1223 1438 1272 dicuntur,
1475 1229 1519 1264 et
1552 1223 1723 1277 proprio

187 1315 257 1341 ore
296 1307 339 1342 et
376 1302 636 1342 mercenaria
674 1301 961 1342 aduocatione
998 1307 1184 1342 utuntur
1221 1303 1277 1343 ad
1313 1303 1585 1344 innocentiae
1622 1317 1724 1344 suae

189 1381 623 1421 commendationem.
684 1381 1004 1435 Respondendi,
1059 1382 1296 1423 altercandi
1348 1382 1533 1423 facultas
1585 1388 1720 1437 patet,
1749 1405 1790 1436 15

189 1461 362 1514 quando
400 1475 477 1500 nec
514 1461 642 1501 liceat
678 1460 922 1501 indefensos
961 1466 1004 1502 et
1040 1461 1260 1503 inauditos
1298 1463 1472 1503 omnino
1511 1463 1721 1504 damnari.

189 1540 271 1581 Sed
291 1540 542 1581 Christianis
561 1541 659 1581 solis
678 1541 782 1581 nihil
802 1541 1070 1594 permittitur
1087 1542 1205 1596 loqui
1225 1543 1341 1596 quod
1360 1557 1535 1583 causam
1554 1549 1721 1598 purget,

189 1625 305 1679 quod
336 1626 565 1666 ueritatem
597 1626 815 1676 defendat,
850 1627 966 1680 quod
995 1627 1181 1668 iudicem
1213 1643 1300 1669 non
1336 1629 1469 1670 faciat
1497 1630 1721 1679 iniustum,

188 1711 263 1751 sed
289 1711 394 1752 illud
420 1711 557 1751 solum
584 1717 839 1765 expectatur
866 1712 983 1766 quod
1011 1713 1108 1753 odio
1134 1713 1306 1767 publico
1332 1715 1618 1756 necessarium
1644 1721 1721 1764 est,

188 1797 395 1837 confessio
434 1797 631 1845 nominis,
674 1812 756 1837 non
800 1798 1063 1839 examinatio
1103 1799 1312 1840 criminis:
1370 1801 1557 1854 quando,
1599 1802 1632 1842 si
1672 1801 1723 1842 de
1747 1817 1793 1839 20

188 1882 331 1935 aliquo
373 1888 554 1922 nocente
596 1883 875 1936 cognoscatiS,
920 1898 1007 1924 non
1048 1884 1199 1925 statim
1241 1885 1434 1926 confesso
1477 1900 1525 1926 eo
1567 1901 1724 1927 nomen
1753 1905 1791 1915 κ

189 1948 427 2007 homicidae
465 1967 532 2007 uel
570 1967 760 2022 sacrilegi
798 1968 866 2008 uel
903 1969 1054 2009 incesti
1092 1969 1160 2009 uel
1198 1970 1358 2024 publici
1396 1971 1544 2020 hostis,
1584 1977 1635 2013 ut
1672 1972 1724 2013 de

188 2053 345 2093 nostris
372 2053 515 2107 elogiis
541 2053 705 2106 loquar,
735 2054 929 2094 contenti
956 2055 1048 2095 sitis
1075 2055 1131 2095 ad
1158 2057 1543 2109 pronuntiandum,
1573 2058 1653 2098 nisi
1681 2064 1724 2099 et

189 2138 494 2192 consequentia
545 2138 739 2192 exigatis,
793 2139 1051 2193 qualitatem
1101 2140 1219 2190 facti,
1271 2156 1513 2192 numerum,
1566 2143 1721 2192 locum,

189 2223 379 2272 niodum,
418 2228 602 2277 tempus,
640 2224 842 2273 conscios,
880 2225 1029 2266 socios.
1089 2225 1155 2266 De
1190 2226 1314 2267 nobis
1348 2228 1453 2268 nihil
1488 2228 1587 2277 tale,
1625 2214 1723 2269 cum
1747 2250 1791 2281 25

189 2323 323 2363 aeque
367 2310 611 2363 extorqueri
655 2315 874 2363 oporteret
917 2311 1033 2364 quod
1077 2326 1174 2352 cum
1218 2312 1325 2353 falso
1367 2313 1569 2363 iactatur,
1616 2321 1724 2368 quot

191 2395 371 2448 quisque
392 2395 479 2434 iam
501 2395 772 2435 infanticidia
796 2395 1078 2449 degustasset,
1105 2402 1213 2451 quot
1234 2398 1398 2439 incesta
1422 2399 1721 2440 contenebras-

189 2485 266 2527 set,
299 2479 372 2533 qui
403 2480 504 2528 coci,
538 2480 610 2533 qui
641 2493 767 2520 canes
797 2480 1050 2522 adfuissent.
1113 2482 1147 2523 O
1179 2488 1344 2536 quanta
1374 2484 1486 2524 illius
1515 2485 1723 2538 praesidis

189 2563 333 2617 gloria,
357 2563 389 2603 si
413 2564 590 2604 eruisset
611 2564 810 2617 aliquem,
835 2565 907 2618 qui
930 2571 1104 2606 centum
1125 2567 1212 2607 iam
1232 2567 1421 2609 infantes
1443 2569 1720 2611 comedisset!

191 2648 355 2701 Atquin
392 2648 635 2688 inuenimus
672 2648 995 2702 inquisitionem
1035 2665 1207 2704 quoque
1243 2652 1287 2692 in
1325 2666 1403 2693 nos
1441 2653 1719 2706 prohibitam.
1746 2675 1793 2706 30

191 2732 352 2772 Plinius
399 2733 510 2772 enim
557 2733 777 2774 Secundus
823 2748 921 2775 cum
966 2736 1233 2789 prouinciam
1279 2743 1455 2792 regeret,
1503 2739 1722 2782 damnatis
