1827 3004
68 130 110 170 p.
140 120 217 159 128
240 117 266 160 l.
293 119 333 171 7]
575 117 1010 160 APOLOGETICVS
1043 121 1095 160 46
1520 123 1600 161 433

73 223 177 280 παρ’
203 225 302 276 ὑμῖν
325 224 579 279 τιμωμένοις
601 229 804 275 ποιηταῖς
835 227 907 268 καὶ
937 227 1202 283 φιλοσόφοις
1223 228 1416 282 λέγομεν,
1440 229 1532 271 ἔνια
1557 230 1600 271 δὲ

4 310 7 311 ’
73 293 146 334 καὶ
177 293 379 347 μειζόνως
413 294 487 335 καὶ
522 293 643 338 θείως
680 294 753 334 καὶ
789 295 912 347 μόνοι
953 295 1045 347 μετ’
1088 295 1360 350 ἀποδείξεως,
1397 297 1440 339 τί
1479 300 1599 351 παρὰ

73 363 244 406 πάντας
266 362 423 407 ἀδίκως
444 362 714 415 μισούμεθα;
750 363 801 403 ib.
832 366 886 403 24
915 368 1069 419 πρῶτα
1090 366 1167 418 μὲν
1189 366 1256 408 ὅτι
1283 366 1335 407 τὰ
1357 368 1485 417 ὅμοια
1515 372 1603 414 τοῖς

63 429 264 482 ”Ελλησι
296 431 496 485 λέγοντες
526 432 650 486 μόνοι
681 431 927 486 μισούμεθα
958 433 1009 474 δι’
1033 435 1167 485 ὄνομα
1197 439 1274 477 τοῦ
1296 438 1506 487 Χριστοῦ,
1530 438 1598 479 καὶ

73 499 205 553 μηδὲν
235 500 483 546 ἀδικοῦντες
510 502 564 545 ὡς
595 502 845 555 ἁμαρτωλοὶ
871 501 1175 555 ἀναιρούμεθα.
1237 504 1330 558 [id]
1357 505 1526 547 Cohort.
1550 507 1601 547 ad
1624 525 1643 556 5

76 568 200 610 Geni).
227 571 290 610 14.
352 569 469 625 Orig.
491 585 522 610 c.
547 569 654 614 Cels.
678 581 711 610 ΙΙ
737 572 800 610 13.
854 570 1038 611 Pfannor
1059 571 1242 626 System.
1260 573 1459 629 Theolog.
1477 575 1604 616 Geni.

75 637 191 690 (Bas.
216 639 346 692 1679)
367 641 440 680 4ῑο
463 654 493 680 o.
519 642 554 680 2.
616 639 656 680 A
678 639 841 680 similar
868 647 1097 695 argument
1122 648 1166 682 to
1195 642 1292 683 that
1320 644 1434 699 early
1458 645 1498 685 in
1531 646 1604 686 the

75 707 264 756 treatise,
290 723 323 748 c.
347 710 371 748 2
401 723 460 763 pr.
490 708 528 748 if
559 723 620 749 we
652 723 722 749 are
754 708 982 756 criminals,
1012 710 1107 765 why
1136 725 1206 752 are
1238 726 1299 752 we
1330 718 1406 753 nob
1438 714 1605 755 treated

76 775 162 816 like
194 776 318 817 other
345 776 593 817 criminals?

163 859 201 899 p.
227 847 308 884 128
332 845 355 886 l.
379 847 405 885 4
438 846 596 887 Arnob.
620 857 674 885 ΙΙΙ
699 845 720 886 7
745 846 913 886 zealous
936 861 1099 901 pagans
1121 848 1316 889 deolared
1339 849 1435 890 that
1459 850 1606 891 Cicero
1628 872 1671 894 10

77 913 143 955 De
175 914 277 955 Nat.
310 915 438 956 Deor.
472 915 625 956 should
657 915 710 956 be
742 916 892 956 burnt:
926 923 1112 970 oportere
1142 919 1272 958 statui
1297 934 1377 973 per
1406 927 1608 970 senatum,

78 983 324 1025 aboleantur
344 991 389 1026 ut
410 986 508 1026 haec
529 985 689 1040 scripta
718 985 864 1040 quibus
889 985 1134 1027 Christiana
1156 988 1304 1042 reliyio
1327 990 1610 1043 comprobetur

77 1059 115 1094 et
148 1055 364 1096 uetustatis
397 1055 666 1109 opprimatur
697 1056 954 1096 auctoritas?
996 1057 1097 1109 quin
1128 1056 1266 1105 intono,
1297 1058 1335 1097 si
1366 1058 1508 1111 fiditfs
1543 1074 1609 1100 ea:-

78 1122 294 1176 ploratum
325 1138 399 1164 uos
429 1124 565 1165 dicere
597 1125 823 1179 quicquam
851 1124 901 1164 cle
929 1124 996 1165 dis
1028 1126 1185 1173 nestris,
1207 1127 1363 1167 erroris
1384 1129 1611 1169 connineite

81 1190 330 1239 Ciceronem,
364 1191 594 1247 refellitote,
626 1192 880 1246 redarguite,
914 1194 1142 1234 temeraria
1179 1200 1215 1235 et
1247 1195 1383 1249 impia
1417 1196 1611 1238 dictitare
1631 1214 1672 1246 15

80 1260 350 1314 comprobate.

166 1344 205 1384 p.
231 1331 312 1370 128
337 1330 359 1371 l.
384 1332 408 1371 5
432 1330 651 1386 impunity
673 1332 720 1371 of
736 1331 1004 1386 philosophie
1025 1331 1229 1373 criticism
1252 1333 1304 1373 ad
1326 1339 1412 1374 nat.
1436 1345 1451 1373 Ι
1474 1335 1512 1374 4.

166 1412 204 1453 p.
238 1400 318 1439 128
351 1399 374 1440 l.
409 1401 433 1440 6
466 1411 699 1440 DEIERARE
731 1415 762 1441 c.
799 1402 852 1441 32
887 1400 1128 1442 Christians
1160 1417 1290 1443 swore
1315 1417 1395 1457 per
1424 1403 1611 1451 salntem,

80 1473 156 1506 not]
191 1481 272 1520 per
308 1467 479 1520 yeniuni
523 1467 729 1509 Caesaris.
791 1468 847 1509 ib.
878 1469 947 1510 fin.
981 1475 1159 1510 ceteram
1201 1471 1436 1519 daemonas,
1468 1471 1514 1512 id
1555 1478 1613 1513 est

52 1541 56 1546 ’
78 1535 230 1588 9enios,
262 1534 468 1577 adiurare
499 1538 797 1584 consuemfnzus‘,
829 1543 874 1578 ut
909 1538 1006 1578 illos
1042 1538 1091 1579 de
1122 1539 1356 1580 hominibus
1387 1541 1612 1594 eoeiyanzns,
1632 1561 1677 1584 20

82 1618 163 1644 non
183 1603 384 1653 deierare,
410 1611 452 1646 nt
468 1606 558 1646 illis
579 1606 775 1647 honorem
797 1607 1043 1648 diuinitatis
1064 1608 1341 1663 conferamus.

169 1683 405 1713 LVCERNAS
437 1689 470 1714 c.
492 1676 546 1715 35
578 1689 618 1730 p.
642 1676 765 1716 1021.
786 1678 839 1716 24
866 1691 936 1718 nec
969 1677 1152 1717 lucernis
1183 1678 1292 1719 diem
1324 1678 1613 1733 iiffrinyinins.

83 1740 180 1782 qu.
205 1743 257 1782 12
282 1744 422 1783 91-2
445 1758 484 1783 n.

169 1824 209 1865 p.
234 1812 315 1851 128
347 1812 371 1851 l.
396 1811 418 1852 7
452 1812 675 1868 Theophil.
705 1813 759 1854 ad
787 1813 858 1854 fin.
881 1815 950 1866 (ef.
977 1814 1137 1856 Arnob.
1161 1826 1176 1855 Ι
1206 1817 1260 1856 64
1288 1831 1328 1871 p.
1350 1818 1405 1856 44
1434 1817 1457 1856 l.
1482 1819 1534 1858 20
1557 1832 1614 1872 sq.

83 1894 138 1920 on
160 1880 234 1921 the
258 1880 415 1922 licence
438 1882 485 1922 of
500 1882 826 1938 philosophers).
850 1898 979 1939 supra
1000 1899 1032 1924 e.
1058 1886 1111 1924 12
1128 1899 1167 1939 p.
1186 1886 1242 1925 44
1264 1885 1287 1926 l.
1312 1887 1362 1925 21
1387 1886 1495 1927 idem
1521 1887 1616 1928 estis
1635 1905 1680 1937 25

83 1949 156 2002 qui
186 1948 385 1991 Senecam
417 1951 602 2005 aliquem
626 1951 826 2005 pluribus
858 1959 894 1993 et
923 1953 1210 1994 amarioribus
1242 1955 1292 1996 de
1314 1961 1453 1996 nestra
1473 1971 1615 2010 snper-

83 2019 250 2060 stitione
266 2025 535 2073 perorantem
558 2020 599 2072 [2
620 2035 702 2061 non
723 2036 770 2061 or
790 2022 924 2075 depr]
948 2022 1280 2077 reprehendistis.

166 2100 278 2136 QVIN
303 2100 421 2130 IMMO
443 2089 602 2130 Arnob.
626 2101 641 2130 Ι
666 2092 732 2131 20.
755 2092 809 2131 24
830 2106 892 2146 pr.
910 2091 962 2132 37
983 2107 1042 2147 pr.
1063 2095 1113 2133 51
1139 2107 1199 2147 pr.
1219 2094 1273 2134 64
1291 2094 1314 2133 f.
1335 2095 1387 2135 65
1411 2109 1448 2148 p.
1465 2096 1518 2135 46
1538 2094 1560 2134 l.
1580 2096 1615 2135 5.

86 2156 152 2198 75.
184 2168 218 2197 ΙΙ
261 2159 314 2198 39
336 2173 375 2213 p.
399 2173 450 2198 m.
475 2161 528 2199 55
552 2173 610 2212 pr.
642 2159 736 2200 58f.
767 2161 832 2201 63.
857 2162 921 2201 64.
946 2162 1000 2202 69
1024 2176 1076 2201 m.
1102 2160 1155 2202 70
1177 2176 1237 2216 pr.
1259 2162 1343 2202 and
1367 2163 1389 2202 f.
1420 2162 1471 2204 76
1501 2178 1539 2217 p.
1564 2178 1616 2204 m.

86 2237 140 2266 ΙΙΙ
182 2226 220 2267 7.
261 2228 326 2267 44.
368 2238 417 2267 VI
470 2230 534 2268 11.
577 2229 630 2269 35
666 2229 690 2268 f.
709 2230 765 2282 (2)
826 2229 910 2269 For
951 2230 1120 2284 subject
1161 2236 1330 2279 matter,
1373 2246 1442 2272 see
1486 2232 1617 2287 Bayle
1638 2251 1682 2282 30

87 2310 254 2336 oeuvres
286 2307 339 2336 ΙΙΙ
374 2299 466 2338 111.

174 2375 446 2406 DESTRVVNT
486 2381 516 2407 c.
552 2368 604 2407 13
642 2381 702 2422 pr.
737 2369 790 2408 14
831 2382 869 2423 p.
904 2370 957 2408 48
1000 2368 1024 2408 l.
1056 2370 1121 2410 31.
1192 2369 1246 2409 ad
1277 2376 1363 2410 nat.
1397 2381 1411 2410 1
1435 2372 1460 2410 4
1492 2385 1529 2425 p.
1564 2373 1618 2412 64

87 2434 112 2474 1.
154 2435 180 2475 3
223 2434 345 2476 Wiss.
388 2436 563 2491 denique
603 2437 795 2479 Socrates
834 2453 883 2478 eoe
923 2452 972 2478 ea
1007 2444 1134 2492 parte
1175 2438 1402 2479 damnatus
1435 2445 1502 2487 est,
1535 2455 1619 2493 qna

83 2503 264 2557 propias¹
284 2509 563 2558 tenzptanerat
584 2506 815 2555 ueritatem,
837 2506 932 2547 deos
948 2512 1105 2547 uestros
1122 2506 1378 2547 destruendo.
1424 2507 1617 2548 Lactant.

88 2582 119 2611 V
138 2573 191 2612 20
212 2570 232 2628 g
249 2575 300 2612 14
314 2588 415 2614 nani
434 2574 553 2628 peius
572 2589 646 2616 nos
662 2574 927 2623 destruimus,
941 2590 1069 2630 quani
1090 2575 1265 2630 qnidam
1282 2576 1530 2631 philosophi,
1547 2578 1620 2632 qui
1640 2593 1682 2625 35

90 2642 255 2682 omnino
278 2643 416 2683 nullos
436 2643 531 2684 deos
552 2659 636 2685 esse
656 2644 807 2685 aiant?
849 2643 911 2686 Cf.
930 2656 944 2684 Ι
965 2646 988 2684 2
1002 2642 1021 2699 ξ
1036 2646 1072 2685 2.
1123 2644 1355 2700 (Athenag.
1376 2648 1399 2685 5
1422 2660 1482 2700 pr.
1505 2646 1617 2687 cited

90 2710 255 2763 above.)
306 2710 359 2751 id.
384 2711 584 2766 Epitome
613 2715 665 2754 55
697 2711 716 2768 ξ
747 2715 772 2754 3
805 2728 879 2754 cur
910 2713 1146 2754 ctzcdiuntnr
1169 2714 1420 2768 philosophi,
1444 2715 1516 2768 qni
1546 2722 1620 2756 aut

90 2778 228 2819 nullos
264 2778 359 2820 deos
395 2794 477 2820 esse
513 2780 636 2821 aiunt
672 2787 747 2825 aut
787 2782 824 2821 si
864 2787 960 2822 sunt
1000 2781 1108 2822 nihil
1145 2796 1296 2823 curare
1327 2797 1398 2824 nec
1434 2783 1620 2824 humana

200 2874 242 2900 M.
264 2875 297 2901 T.
1465 2869 1512 2904 28
