1827 3004
154 154 205 193 36
301 152 305 162 '
721 152 1119 192 TERTVLLIANI

153 265 286 318 pueri.
346 265 467 305 Haec
491 265 535 305 in
561 265 685 305 uobis
712 278 801 305 esse
826 265 859 305 si
887 264 1226 314 consideraretis,
1254 265 1433 319 proinde
1458 266 1502 306 in
1529 265 1689 306 Christ-

152 341 260 382 ianis
287 356 374 382 non
401 355 491 382 esse
518 341 826 395 perspiceretis.
887 341 1010 381 Idem
1037 341 1148 381 oculi
1174 342 1496 382 renuntiassent
1522 347 1687 382 utrum-

153 432 248 471 que.
310 418 392 459 Sed
417 419 638 459 caecitatis
662 418 774 458 duae
797 418 958 471 species
982 418 1106 458 facile
1130 423 1404 467 concurrunt,
1430 423 1481 459 ut
1505 418 1578 472 qui
1601 433 1688 459 non

152 495 305 536 uident
337 510 448 550 quae
481 501 595 545 sunt,
631 495 777 536 uidere
810 495 1042 535 uideantur
1075 509 1186 549 quae
1218 510 1305 536 non
1338 501 1452 537 sunt.
1513 495 1581 536 Sic
1614 510 1689 549 per

152 572 296 612 omnia
327 573 567 613 ostendam.
628 572 755 612 Nunc
785 571 839 611 de
869 571 1236 612 manifestioribus
1267 572 1421 612 dicam.
1707 587 1729 618 5
1824 496 1827 719 1

234 709 306 750 10.
364 710 492 759 Deos,
519 710 711 763 inquitis,
740 724 827 749 non
853 709 1004 758 colitis,
1033 714 1076 750 et
1100 723 1178 763 pro
1202 709 1538 763 imperatoribus
1562 710 1687 750 sacri-

150 786 246 826 ficia
278 801 366 826 non
398 787 599 840 penditis.
660 786 865 840 Sequitur
897 791 948 827 ut
981 786 1146 826 eadem·
1165 786 1332 826 ratione
1365 800 1442 840 pro
1476 786 1568 827 aliis
1601 801 1688 827 non

150 863 448 913 sacrificemus,
477 865 578 918 quia
603 878 681 904 nec
706 878 783 918 pro
808 863 933 904 nobis
956 863 1072 917 ipsis,
1100 863 1230 904 semel
1255 863 1357 904 deos
1381 878 1469 904 non
1494 864 1685 905 colendo.

150 940 306 994 Itaque
338 941 545 995 sacrilegii
578 947 622 982 et
653 941 894 981 maiestatis
925 940 985 981 rei
1018 940 1311 981 conuenimur.
1372 940 1550 982 Summa
1583 941 1687 982 haec

150 1029 291 1065 causa,
322 1017 455 1057 immo
487 1022 582 1058 tota
615 1022 691 1066 est,
726 1022 769 1057 et
798 1016 951 1070 utique
981 1016 1111 1071 digna
1142 1017 1352 1071 cognosci,
1385 1017 1419 1058 si
1449 1031 1537 1058 non
1567 1031 1685 1072 prae—
1708 1038 1754 1061 10

148 1093 338 1146 sumptio
361 1098 440 1134 aut
460 1094 668 1148 iniquitas
688 1094 863 1143 iudicet,
889 1093 1025 1134 altera
1047 1107 1158 1147 quae
1180 1093 1393 1148 desperat,
1418 1094 1554 1135 altera
1577 1109 1688 1148 quae

149 1174 320 1210 recusat
344 1170 589 1211 ueritatem.
650 1170 765 1211 Deos
790 1175 958 1211 uestros
984 1170 1120 1211 colere
1145 1170 1380 1212 desinimus
1405 1185 1458 1212 ex
1484 1186 1569 1226 quo
1594 1171 1688 1212 illos

149 1259 235 1285 non
273 1259 363 1286 esse
399 1247 708 1301 cognoscimus.
768 1247 865 1287 Hoc
900 1247 1032 1302 igitur
1069 1247 1236 1302 exigere
1272 1247 1451 1298 debetis,
1490 1248 1556 1288 uti
1592 1262 1687 1302 pro-

149 1321 300 1363 bemus
329 1337 415 1363 non
445 1337 535 1364 esse
562 1324 657 1364 illos
685 1324 800 1373 deos,
833 1329 877 1365 et
903 1324 1061 1364 idcirco
1090 1338 1178 1364 non
1207 1324 1420 1374 colendos,
1452 1324 1554 1378 quia
1583 1329 1687 1365 tunc

149 1397 325 1439 demum
363 1399 443 1439 coli
481 1399 743 1446 debuissent,
784 1400 818 1441 si
856 1400 924 1440 dei
962 1400 1157 1441 fuissent.
1218 1400 1339 1441 Tunc
1376 1406 1420 1441 et
1457 1400 1687 1442 Christiani
1709 1419 1752 1451 15

148 1475 368 1529 puniendi,
389 1476 423 1517 si
442 1491 550 1530 quos
567 1491 651 1517 non
674 1477 874 1527 colerent,
896 1477 997 1531 quia
1015 1483 1224 1532 putarent
1240 1492 1327 1518 non
1346 1492 1448 1528 esse,
1469 1484 1688 1519 constaret

148 1552 241 1593 illos
269 1553 371 1594 deos
400 1568 501 1594 esse.
562 1554 646 1594 Sed
673 1554 810 1603 nobis,
840 1554 1033 1608 inquitis,
1064 1554 1132 1595 dei
1160 1560 1275 1595 sunt.
1335 1555 1616 1609 Appellamus
1645 1561 1687 1595 et

148 1644 434 1683 prouocamus
458 1646 482 1672 a
505 1631 630 1672 uobis
653 1632 709 1672 ad
732 1632 1040 1672 conscientiam
1063 1637 1276 1672 uestram:
1316 1632 1384 1673 illa
1410 1648 1489 1674 nos
1510 1633 1684 1682 iudicet,

147 1706 219 1746 illa
254 1721 332 1747 nos
369 1707 560 1757 damnet,
599 1708 634 1749 si
670 1709 832 1762 poterit
866 1722 1022 1763 negare
1058 1722 1206 1749 omnes
1240 1709 1347 1750 istos
1383 1709 1484 1750 deos
1520 1715 1686 1751 uestros

148 1783 342 1825 homines
370 1784 513 1825 fuisse.
574 1784 617 1825 Si
646 1790 690 1825 et
717 1785 811 1839 ipsa
839 1784 1004 1825 inficias
1031 1785 1141 1834 ierit,
1173 1784 1226 1825 de
1254 1785 1340 1826 suis
1369 1786 1685 1839 antiquitatum
1706 1807 1753 1829 20

146 1861 446 1902 instrumentis
484 1863 742 1912 reuincetur,
784 1863 837 1903 de
876 1862 1033 1916 quibus
1073 1876 1143 1903 eos
1182 1862 1346 1912 didicit,
1387 1864 1685 1905 testimonium

147 1937 473 1991 perhibentibus
498 1939 554 1979 ad
578 1940 835 1980 hodiernum
860 1945 903 1980 et
927 1939 1180 1980 ciuitatibus
1202 1940 1246 1980 in
1271 1940 1428 1994 quibus
1451 1942 1545 1982 nati
1568 1947 1683 1991 sunt,

147 2019 191 2054 et
216 2015 460 2069 regionibus
486 2016 530 2056 in
558 2016 715 2070 quibus
743 2016 906 2070 aliquid
933 2017 1099 2070 operati
1125 2017 1308 2072 uestigia
1334 2018 1613 2072 reliquerunt,
1641 2019 1685 2059 in

147 2091 303 2144 quibus
333 2092 465 2132 etiam
494 2093 652 2147 sepulti
681 2093 1050 2134 demonstrantur.
1110 2093 1237 2134 Nunc
1267 2108 1364 2149 ergo
1394 2109 1469 2148 per
1497 2095 1685 2150 singulos

146 2167 383 2218 decurram,
423 2174 492 2210 tot
529 2184 578 2210 ac
616 2175 777 2219 tantos,
816 2185 965 2220 nouos,
1005 2176 1185 2220 ueteres,
1224 2171 1444 2221 barbaros,
1485 2171 1681 2221 Graecos,
1703 2191 1750 2222 25

146 2245 379 2295 Romanos,
404 2247 660 2301 peregrinos,
685 2248 894 2302 captiuos,
919 2248 1163 2302 adoptiuos,
1187 2249 1395 2302 proprios,
1420 2263 1680 2298 communes,

145 2325 369 2374 masculos,
425 2325 619 2376 feminas,
674 2327 869 2377 rusticos,
925 2327 1125 2377 urbanos,
1180 2328 1391 2377 nauticos,
1445 2327 1679 2369 militares?

147 2401 343 2443 Otiosum
368 2410 432 2445 est
455 2405 587 2445 etiam
610 2406 761 2446 titulos
783 2407 994 2460 persequi,
1019 2412 1070 2447 ut
1092 2407 1289 2462 colligam
1310 2407 1355 2447 in
1378 2407 1679 2461 conpendium,

145 2487 189 2523 et
225 2483 305 2523 hoc
340 2498 428 2524 non
465 2499 550 2539 quo
588 2487 869 2541 cognoscatis,
908 2487 983 2527 sed
1018 2488 1347 2542 recognoscatis.
1407 2487 1531 2528 Certe
1567 2488 1679 2528 enim

144 2561 300 2602 oblitos
332 2563 471 2617 agitis.
532 2564 647 2605 Ante
679 2564 916 2606 Saturnum
948 2566 1054 2607 deus
1085 2581 1216 2620 penes
1246 2581 1324 2607 uos
1354 2580 1480 2607 nemo
1513 2572 1590 2616 est,
1625 2568 1679 2608 ab
1699 2586 1747 2617 30

141 2642 212 2682 illo
248 2656 397 2683 census
431 2644 567 2684 totius
600 2645 669 2685 uel
702 2646 882 2699 potioris
916 2651 960 2687 et
992 2647 1173 2687 notioris
1206 2646 1462 2687 diuinitatis.
1523 2646 1680 2700 Itaque

142 2720 259 2773 quod
298 2721 350 2760 de
389 2722 549 2775 origine
589 2724 844 2773 constiterit,
885 2725 941 2777 id³
969 2730 1013 2765 et
1051 2725 1104 2765 de
1142 2725 1398 2779 posteritate
1437 2725 1677 2766 conueniet.

142 2798 378 2840 Saturnum
404 2800 566 2854 itaque,
595 2802 629 2842 si
658 2808 872 2855 quantum
900 2804 1071 2845 litterae
1098 2804 1268 2854 docent,
1296 2817 1437 2857 neque
1462 2803 1679 2845 Diodorus
