1827 3004
166 85 244 126 248
734 89 1136 132 TERTVLLIANI
1418 95 1476 149 [p.
1500 97 1553 136 52
1575 95 1602 136 l.
1627 98 1706 136 1-

251 214 289 254 p.
314 201 366 240 52
390 200 413 240 l.
439 202 460 240 1
486 211 690 243 LUDICRA
713 204 761 244 of.
785 219 816 244 c.
841 206 865 245 9
888 219 926 260 p.
950 207 1005 246 30
1028 205 1050 247 1.
1076 207 1140 247 26.

251 282 288 323 p.
313 270 366 308 52
401 268 423 309 1.
456 271 479 308 2
512 281 561 310 IN
593 281 786 312 TEMPLIS
818 284 1084 315 ADVLTERIA
1116 274 1183 315 De
1214 274 1356 330 pudic.
1391 278 1415 317 5
1444 291 1482 331 p.
1515 276 1594 317 227
1626 276 1649 317 1.
1680 279 1705 317 8

166 337 288 377 Wiss.
326 352 396 392 eyo
433 339 601 393 quidem
636 341 887 383 idololatria
924 344 1168 398 saepissime
1203 345 1412 387 moechiae
1454 346 1701 388 occasionem

163 406 446 450 subministro.
504 409 642 451 sciunt
684 410 770 451 luci
809 411 894 452 mei
933 418 970 453 et
1010 413 1094 454 mei
1134 419 1291 455 montes
1326 421 1363 456 et
1404 415 1530 456 uiuae
1572 430 1706 470 aquae

123 493 142 524 5
163 474 338 529 ipsaque
365 476 410 517 in
439 477 611 519 urbibus
639 479 809 534 templa,
836 486 1041 534 quantuni
1069 483 1316 524 euertendae
1340 484 1578 538 pudicitiae
1607 499 1705 538 pro-

164 558 313 585 curem.
376 545 509 601 Bayle
551 562 718 589 oeuvres
761 559 814 588 III
856 551 950 590 368.
1013 550 1172 593 Minue.
1217 554 1270 592 25
1307 550 1326 607 ξ
1369 554 1421 592 12
1459 552 1531 593 ubi
1564 559 1704 594 autem

164 614 301 667 nuiyis
333 628 360 654 a
390 615 684 666 sacerdotibus,
707 632 836 672 quam
866 619 977 660 inter
1008 635 1111 661 aras
1142 626 1179 662 et
1210 620 1388 662 delubra
1419 621 1707 663 conducuntur

161 687 325 735 stupra,
347 689 587 726 tractantur
609 685 828 735 lenocinia,
851 688 1067 730 adulteria
1096 688 1388 731 meditantur?
1434 690 1706 745 frequentius

163 750 337 806 (lenique
377 752 420 792 in
464 753 733 796 aedituorum
775 757 949 806 cellulis,
992 772 1120 811 quam
1160 759 1204 798 in
1256 759 1363 813 ipsis
1414 759 1706 814 lupanaribus,

101 820 354 874 1ofla9rans
383 821 515 864 libido
543 823 802 880 defunyitur.
866 825 961 867 qu.
993 828 1016 867 9
1047 828 1101 867 24
1129 842 1207 882 quo
1239 843 1321 869 non
1343 835 1512 883 prostat
1531 829 1706 884 femina

163 890 349 944 templo?
409 890 491 932 See
514 892 589 933 the
612 899 730 949 story
750 893 796 934 in
825 894 906 936 Ios.
929 894 1076 950 Antiq.
1100 907 1222 936 XVIII
1245 899 1270 938 3
1292 895 1311 952 ξ
1332 899 1358 937 4
1388 898 1435 938 of
1456 898 1532 938 the
1562 898 1704 953 Egyp-

163 959 256 1000 tian
276 960 433 1015 priests
460 962 553 1003 who
576 978 685 1004 were
711 964 912 1005 crucified
936 976 1020 1006 A.D.
1046 967 1110 1014 19,
1133 965 1248 1006 their
1276 967 1437 1022 bemple
1466 967 1706 1023 destroyed,

161 1030 246 1070 and
278 1030 353 1072 the
384 1031 526 1088 image
559 1033 606 1073 of
630 1033 713 1074 Isis
746 1034 911 1075 ‘chrown
944 1035 1037 1076 into
1069 1036 1144 1076 the
1177 1036 1315 1078 Tiber.
1380 1037 1537 1079 Herod.
1571 1050 1605 1078 II
1639 1040 1703 1079 64.

164 1098 324 1141 Preller
347 1100 467 1143 Rom.
492 1102 629 1158 Myth.
655 1102 738 1144 ’728
761 1103 867 1145 cites
890 1104 1047 1145 Tibull.
1071 1116 1087 1145 Ι
1119 1108 1142 1146 3
1167 1107 1220 1145 23
1243 1120 1301 1161 sq.
1355 1106 1544 1162 Properb.
1575 1119 1609 1147 II
1640 1109 1705 1148 33.

99 1186 140 1217 15
163 1167 242 1209 Ou.
258 1169 402 1211 Amor.
426 1182 462 1211 II
486 1174 508 1212 2
534 1175 599 1214 25.
625 1175 677 1214 13
702 1172 737 1214 7.
782 1174 865 1214 Ars
883 1174 1027 1215 Amat.
1052 1186 1066 1214 Ι
1091 1173 1155 1216 77.
1179 1186 1233 1215 III
1257 1177 1350 1217 393.
1399 1175 1526 1217 Trist.
1550 1188 1585 1216 ΙΙ
1609 1177 1704 1218 297.

162 1237 270 1293 Epp.
293 1254 344 1280 ex
372 1240 493 1282 Pont.
518 1252 533 1281 Ι
565 1244 585 1282 1
612 1244 679 1284 51.
731 1242 827 1284 qu.
852 1245 875 1284 6
898 1245 995 1285 488.
1047 1244 1291 1285 Theodoreh
1314 1244 1428 1286 Hist.
1453 1245 1562 1287 Eccl.
1587 1257 1615 1285 V
1641 1248 1705 1287 22.

163 1309 304 1350 Rufin.
328 1322 363 1351 II
388 1313 452 1352 25.
503 1312 661 1353 Jacobs
684 1313 825 1354 Verm.
851 1313 970 1355 Schr.
994 1325 1043 1354 IV
1066 1313 1160 1355 257.

249 1390 453 1420 COMPONI
476 1381 523 1421 of
538 1381 816 1437 assignation,
840 1381 941 1423 Hor.
966 1381 1105 1424 Carm.
1129 1394 1144 1422 I
1169 1384 1192 1424 9
1219 1384 1388 1424 19-20
1418 1383 1605 1438 lenesque
1633 1383 1706 1425 sub
1730 1402 1732 1405 ·

162 1452 320 1488 noctem
341 1450 510 1490 susurri
529 1451 758 1505 composita
780 1457 1024 1505 repetantur
1045 1451 1160 1492 liora.

98 1535 143 1557 20
250 1533 290 1574 p.
313 1521 366 1559 52
390 1520 414 1560 l.
436 1522 463 1560 4
496 1520 699 1561 Prudenn.
734 1520 971 1576 Peristeph.
1003 1532 1037 1561 II
1062 1523 1142 1562 525
1174 1522 1352 1563 uittatus
1378 1522 1477 1563 olim
1500 1522 1696 1577 pontifesc

164 1588 212 1629 cf.
236 1588 362 1630 Mart.
386 1589 563 1645 Capella
592 1602 607 1630 Ι
635 1589 655 1644 ξ
679 1593 731 1632 10
757 1591 895 1646 Kopp.
951 1590 1026 1632 Sil.
1050 1591 1146 1632 Ital.
1178 1602 1267 1631 XIII
1299 1591 1392 1633 779.
1453 1592 1578 1648 Greg.
1602 1591 1705 1632 Naz.

166 1656 235 1698 Or.
260 1659 286 1697 4
312 1660 393 1698 114
416 1661 451 1712 (Ι
477 1657 599 1710 I40d)
629 1657 754 1701 αὐτοὶ
784 1660 884 1705 τούς
913 1660 1081 1702 ἑαυτῶν
1110 1660 1348 1714 προέδρους
1377 1662 1705 1717 Ὑραψάτωσαν.

165 1726 378 1782 ἁλουργὶς
407 1727 562 1774 αὐτοὺς
592 1729 812 1782 κοσμήσει
842 1729 916 1770 καὶ
946 1728 1091 1771 ταινία
1119 1729 1194 1771 καὶ
1225 1730 1457 1785 στεφάνων
1483 1729 1611 1774 ἄνθος
1635 1731 1705 1772 καὶ

165 1795 346 1840 κάλλος.

101 1884 144 1915 25
254 1876 466 1907 APICIBVS
488 1866 618 1908 Lexx.
660 1867 726 1908 De
746 1867 848 1909 Pall.
867 1869 893 1908 4
917 1868 940 1908 f.
970 1883 1008 1923 p.
1033 1869 1116 1909 944
1132 1867 1709 1923 pallium...super...omnes

167 1934 306 1988 apices
343 1941 380 1977 et
412 1937 569 1978 tutulos
598 1937 793 1979 sacerdos
823 1944 1049 1991 sugyyestus.
1111 1937 1232 1978 Seru.
1264 1937 1318 1978 ad
1350 1937 1456 1979 Aen.
1491 1949 1578 1978 VIII
1612 1940 1707 1979 064.

167 2002 276 2044 Gell.
307 2015 339 2044 X
369 2007 420 2045 15
450 2003 469 2061 ἓ
498 2007 535 2047 9.
587 2005 744 2047 Festus
772 2021 810 2062 p.
843 2008 896 2047 10
931 2008 982 2046 12
1006 2006 1063 2048 M.
1128 2006 1252 2047 Dion.
1289 2006 1426 2047 Halic.
1461 2018 1496 2046 II
1528 2006 1580 2047 70
1612 2007 1707 2059 (the
1782 2034 1784 2037 .

169 2071 306 2124 Salii).
362 2073 520 2114 Arnob.
545 2085 592 2114 IV
617 2076 670 2115 35
693 2074 834 2116 sedent
855 2074 992 2116 diales
1013 2090 1103 2116 cum
1128 2075 1544 2129 apicibusflamines.
1599 2075 1707 2117 CIL.

170 2152 185 2181 1
208 2143 274 2183 33.

105 2232 150 2264 30
257 2225 295 2265 p.
319 2212 372 2251 52
395 2211 418 2251 l.
444 2214 467 2252 5
491 2222 698 2252 EXPVNGI
721 2226 752 2253 c.
777 2214 800 2252 2
824 2227 862 2253 n.
888 2214 942 2253 20
957 2212 981 2252 f.
999 2213 1053 2252 35
1077 2212 1245 2253 Oehler.
1298 2213 1364 2253 De
1386 2213 1528 2254 Anim.
1553 2215 1617 2254 35.
1643 2216 1706 2255 55.

171 2278 281 2319 Adu.
305 2279 432 2321 Marc.
456 2292 490 2321 II
514 2283 568 2322 20
590 2281 614 2322 f.
645 2293 700 2321 III
732 2283 781 2321 11
815 2281 922 2322 med.
951 2293 1000 2321 IV
1024 2283 1088 2322 34.
1112 2293 1142 2321 V
1167 2284 1230 2323 21.
1284 2282 1394 2324 Adu.
1424 2282 1518 2323 Iud.
1554 2286 1616 2324 11.
1643 2285 1707 2324 14.

172 2347 237 2388 De
269 2348 415 2390 Idolol.
448 2352 482 2391 1.
515 2353 577 2391 13.
622 2350 832 2406 Scorpiae.
865 2353 918 2391 10
943 2350 1112 2392 Oehler.
1165 2351 1232 2392 De
1266 2351 1410 2393 Pudic.
1445 2354 1468 2392 2
1499 2367 1593 2407 pm.
1642 2353 1708 2393 De

173 2417 336 2460 Paenit.
359 2421 384 2460 3
407 2434 502 2474 pm.
533 2419 635 2461 adeo
665 2420 775 2474 quod
797 2419 1047 2475 prohibetur
1073 2420 1391 2468 administrare,
1413 2422 1518 2462 satis
1542 2422 1709 2476 pericu-

173 2485 255 2527 lose
297 2488 467 2528 animus
501 2488 582 2529 sibi
621 2494 911 2542 repraesentat
951 2494 989 2529 et
1034 2494 1184 2530 temere
1219 2503 1301 2542 per
1350 2489 1710 2531 uoluntatem—it

108 2575 151 2605 35
173 2555 368 2609 effectum.
411 2556 572 2610 [Rufin.
604 2557 687 2611 i.e.]
719 2557 1012 2599 Iulian-Aeol.
1046 2557 1091 2598 in
1123 2557 1218 2599 Am.
1252 2570 1267 2598 Ι
1300 2560 1344 2611 (5
1378 2560 1433 2607 9).

260 2635 321 2664 NE
353 2640 468 2666 same
502 2626 636 2666 words
664 2626 709 2666 in
738 2626 792 2666 ad
820 2633 907 2667 nat.
939 2638 953 2666 I
986 2628 1038 2667 10
1068 2641 1105 2681 p.
1130 2628 1184 2666 80
1214 2626 1237 2666 l.
1270 2629 1323 2667 18
1348 2626 1469 2668 Wiss.
1504 2627 1635 2669 nescio
1661 2642 1710 2669 ne

169 2693 271 2746 plus
299 2693 348 2734 cle
379 2694 495 2735 uobis
527 2695 595 2736 dei
628 2695 758 2736 uestri
787 2711 911 2750 quam
944 2695 993 2736 (Ie
1022 2695 1138 2736 nobis
1166 2701 1410 2749 querantur.
1473 2695 1541 2736 On
1570 2711 1619 2737 ne
1640 2710 1710 2737 see

174 2775 206 2801 c.
230 2763 254 2802 3
277 2776 337 2816 pr.
360 2777 398 2804 n.
461 2763 523 2805 Cf.
548 2764 680 2819 Bayle
703 2779 870 2805 oeuvres
893 2776 946 2805 III
971 2766 1150 2805 296—7.
