1827 3004
110 76 186 114 120
643 45 651 54 ’
673 72 1070 113 TERTVLLIANI

105 187 259 235 dimus,
298 187 426 227 deum
465 187 694 241 tangimus,
734 192 778 226 et
814 200 912 226 cum
948 187 1283 227 misericordiam
1320 188 1637 237 extorserimus,

106 255 272 308 Iupiter
302 255 551 296 honorat-ur.

186 385 259 425 41.
318 386 405 425 Vos
423 385 553 439 igitur
572 385 793 439 inportuni
813 385 939 426 rebus
960 385 1172 435 humanis,
1194 401 1271 427 1106
1290 386 1349 426 161
1368 386 1640 440 publicorum

102 458 473 499 incommodorum
520 458 665 498 inlices
711 472 891 512 semper,
940 458 1057 512 apud
1104 474 1212 513 quos
1258 459 1362 499 deus
1409 460 1639 514 spernitur,

103 538 275 573 statuae
298 533 547 573 adorantur.
609 532 784 573 Etenim
807 532 1050 573 credibilius
1074 533 1220 573 haberi
1244 534 1374 574 debet
1397 548 1495 574 eum
1517 535 1641 575 irasci
1663 547 1680 578 5

105 608 176 661 (1111
207 607 457 661 neglegatur
487 621 619 660 quam
649 607 723 660 qui
754 606 966 656 coluntur,
999 612 1077 648 aut
1106 622 1187 647 nae
1216 608 1275 648 illi
1305 608 1574 662 iniquissimi,
1607 609 1642 649 si

104 687 279 735 propter
305 681 569 721 Christianos
596 680 728 721 etiam
754 680 939 721 cultores
964 696 1063 722 suos
1088 681 1280 731 laedunt,
1310 697 1417 736 quos
1443 697 1641 736 separare

103 755 309 795 deberent
337 769 361 794 a
391 754 555 794 meritis
584 753 938 794 Christianorum.
1000 754 1107 805 Hoc,
1139 755 1332 809 inquitis,
1364 762 1408 797 et
1436 757 1479 796 in
1511 757 1641 797 deum

102 834 295 869 uestrum
335 834 603 882 repercutere
646 834 722 878 est,
766 829 799 869 si
842 829 956 882 quod
1000 834 1043 869 et
1082 830 1172 883 ipse
1214 830 1420 883 patiatur,
1464 836 1642 885 propter

103 902 304 956 profanos
339 903 470 942 etiam
505 917 603 943 suos
638 902 822 943 cultores
856 902 980 944 laedi.
1042 903 1275 944 Admittite
1310 904 1427 957 prius
1462 904 1640 958 disposi-
1663 920 1705 942 10

104 977 242 1017 tiones
276 976 377 1025 eius,
415 982 457 1016 et
491 991 577 1015 non
610 976 929 1030 retorquebitis.
992 976 1073 1025 Qui
1107 977 1220 1017 enim
1255 978 1383 1017 semel
1418 983 1642 1018 aeternum

101 1050 307 1090 iudicium
346 1049 584 1089 destinauit
622 1055 721 1103 post
758 1050 915 1089 saeculi
952 1050 1095 1099 finem,
1135 1065 1222 1090 non
1261 1051 1519 1105 praecipitat
1559 1051 1640 1092 dis-

103 1124 348 1171 cretionem,
367 1137 476 1177 quae
494 1128 558 1163 est
573 1123 766 1163 condicio
782 1123 940 1171 iudicii,
958 1129 1060 1164 ante
1075 1124 1233 1164 saeculi
1248 1124 1390 1164 finem.
1438 1125 1642 1179 Aequalis

103 1203 167 1238 est
181 1197 354 1238 interim
370 1211 497 1251 super
512 1211 639 1237 omne
654 1197 879 1237 hominum
894 1212 1028 1252 genus
1044 1203 1085 1238 et
1100 1198 1326 1253 indulgens
1343 1204 1385 1239 et
1400 1199 1640 1253 increpans.

103 1272 356 1312 Communia
379 1272 519 1311 uoluit
541 1286 629 1311 esse
652 1277 695 1311 et
717 1272 944 1312 commoda
966 1272 1157 1326 profanis
1180 1278 1223 1313 et
1243 1273 1519 1313 incommoda
1541 1274 1640 1322 suis,
1665 1289 1704 1318 15

102 1352 151 1386 ut
182 1347 274 1400 pari
306 1346 521 1386 consortio
554 1360 702 1386 omnes
735 1351 778 1386 et
808 1346 1035 1386 lenitatem
1068 1347 1156 1386 eius
1189 1352 1232 1387 et
1263 1347 1541 1387 seueritatem
1574 1362 1642 1387 ex-

101 1421 348 1474 periremur.
411 1420 520 1468 Quia
561 1420 666 1460 haec
704 1420 766 1461 ita
806 1420 1034 1460 didicimus
1074 1421 1191 1474 apud
1230 1421 1385 1474 ipsum,
1428 1422 1644 1476 diligimus

99 1495 338 1543 lenitatem,
382 1495 616 1534 metuimus
657 1495 947 1543 seueritatem,
990 1509 1067 1535 1106
1109 1501 1259 1535 contra
1300 1501 1532 1549 utramque
1573 1496 1642 1536 de-

101 1569 287 1622 spicitis:
332 1573 375 1608 et
399 1568 594 1621 sequitur
618 1574 669 1608 ut
693 1583 841 1608 omnes
866 1568 1023 1608 saeculi
1048 1568 1200 1623 plagae
1224 1569 1362 1617 nobis,
1390 1569 1424 1609 si
1450 1569 1573 1618 forte,
1600 1569 1644 1609 in

101 1642 457 1690 admonitionem,
479 1641 604 1682 uobis
621 1642 665 1681 in
685 1642 1015 1696 castigationem
1034 1656 1058 1682 a
1078 1641 1157 1682 deo
1177 1642 1428 1683 obueniant.
1478 1643 1644 1696 Atquin
1663 1657 1707 1679 20

100 1730 178 1756 nos
204 1716 321 1756 nullo
344 1715 472 1756 niodo
501 1716 733 1764 laedimur3
770 1716 966 1769 inprimis
995 1716 1095 1769 quia
1124 1716 1227 1756 nihil
1258 1721 1412 1757 nostra
1443 1717 1574 1757 refert
1600 1717 1645 1757 in

102 1790 183 1830 hoc
216 1804 323 1829 aeuo
352 1789 431 1829 nisi
467 1789 519 1829 de
555 1803 603 1829 eo
636 1804 767 1843 quam
802 1790 993 1830 celeriter
1027 1790 1243 1839 excedere,
1277 1790 1444 1839 dehinc,
1479 1791 1580 1844 quia
1611 1791 1644 1831 si

104 1863 207 1916 quid
223 1863 392 1903 aduersi
406 1862 626 1917 infligitur,
643 1863 798 1903 uestris
817 1863 980 1903 meritis
999 1863 1249 1917 deputatur.
1300 1863 1383 1903 Sed
1402 1864 1481 1904 etsi
1500 1864 1644 1918 aliqua

102 1952 179 1977 nos
202 1951 375 1991 quoque
400 1937 725 1991 praestringunt
746 1942 796 1977 ut
818 1937 941 1977 uobis
964 1937 1253 1986 cohaerentes,
1274 1937 1488 1978 laetamur
1509 1938 1644 1993 magis

104 2011 395 2065 recognitione
421 2011 667 2051 diuinarum
693 2011 1079 2065 praedicationum,
1107 2012 1459 2052 confirmantium
1484 2012 1646 2053 scilicet
1664 2027 1706 2058 25

104 2084 308 2125 fiduciam
338 2090 381 2125 et
415 2085 545 2125 fidem
577 2085 666 2139 spei
696 2090 882 2126 nostrae.
955 2084 1028 2125 Sin
1059 2099 1160 2125 uero
1192 2085 1246 2125 ab
1279 2086 1337 2126 eis
1368 2100 1475 2139 (11106
1507 2086 1645 2126 colitis

104 2159 247 2198 omnia
289 2158 413 2199 uobis
446 2159 560 2199 mala
599 2159 807 2199 eueniunt
841 2159 975 2199 nostri
1016 2173 1158 2207 causa,
1199 2159 1303 2213 quid
1337 2160 1473 2200 colere
1506 2174 1644 2214 perse-

105 2233 266 2273 ueratis
296 2238 387 2273 tam
417 2233 622 2287 ingratos,
656 2238 747 2274 tam
777 2233 972 2282 iniustos,
1011 2233 1084 2287 qui
1125 2234 1261 2288 magis
1301 2248 1377 2275 uos
1416 2234 1461 2274 in
1501 2234 1646 2274 dolore

108 2306 449 2347 Christianorum
488 2307 637 2347 iuuare
682 2312 725 2348 et
764 2307 959 2347 adserere
1002 2306 1256 2354 debuerant,
1298 2322 1405 2361 quos
1448 2322 1646 2362 separare

105 2379 313 2420 deberent
344 2394 369 2420 a
401 2381 565 2420 meritis
596 2380 965 2421 Christianorum?
1665 2395 1709 2427 30

188 2503 261 2543 42.
321 2503 403 2543 Sed
434 2503 516 2543 alio
548 2518 721 2558 quoque
749 2504 1004 2545 iniuriarum
1034 2505 1163 2545 titulo
1194 2505 1479 2559 postulamur,
1513 2511 1556 2546 et
1584 2507 1645 2546 in-

107 2575 317 2616 fructuosi
351 2576 394 2615 in
427 2576 610 2630 negotiis
641 2577 836 2618 dicimur.
899 2577 993 2626 Quo
1028 2582 1157 2631 pacto
1192 2577 1387 2618 homines
1421 2578 1647 2619 uobiscum

107 2650 324 2703 degentes,
375 2649 565 2690 eiusdem
612 2651 766 2698 uictus,
817 2651 1005 2700 habitus,
1053 2651 1304 2700 instructus,
1355 2651 1545 2693 eiusdem
1591 2653 1647 2693 ad

108 2723 246 2763 uitam
285 2723 578 2764 necessitatis?
641 2723 793 2777 Neque
831 2724 945 2764 enim
986 2725 1283 2765 Brachmanae
1321 2730 1400 2766 aut
1437 2725 1647 2767 Indorum
