1827 3004
92 124 134 165 p.
163 114 241 153 132
263 111 289 153 1.
314 113 387 164 22]
599 113 1034 155 APOLOGETICVS
1066 116 1118 156 47
1542 115 1619 155 451

183 240 222 280 p.
247 228 327 266 132
361 226 384 266 l.
412 228 463 266 18
486 241 568 280 seq.
632 226 697 266 De
729 226 841 267 Tost.
865 227 1010 267 Anim.
1034 230 1053 267 1
1086 243 1123 283 p.
1150 229 1229 269 135
1254 228 1276 268 l.
1302 230 1353 268 13
1387 228 1509 269 Wiss.
1533 243 1622 269 con-

96 294 193 335 siste
227 295 273 335 in
306 295 452 343 medio,
489 295 646 343 um'zna,
675 311 747 335 seu
779 296 931 337 diuina
962 303 999 337 et
1028 303 1198 338 aeterna
1234 312 1300 338 res
1330 312 1370 338 es
1400 297 1624 338 secundum

94 363 241 417 plures
264 363 541 418 philosophos,
565 378 606 404 eo
631 365 767 417 mayis
794 380 871 405 non
902 367 1134 414 mentieris;
1165 382 1233 407 seu
1264 367 1435 407 mininie
1462 366 1624 414 diuina,

94 432 295 485 quoniam
325 432 493 486 quidem
528 433 730 481 mortalis,
768 439 809 474 ut
843 434 1030 487 Epicuro
1071 435 1151 475 soli
1191 435 1367 483 uidetur,
1405 450 1448 476 eo
1490 436 1627 489 mayis

100 501 271 542 mentiri
309 515 392 541 non
434 500 604 549 debebis,
636 515 707 541 seu
739 501 787 542 de
819 503 930 543 caelo
961 504 1173 557 exciperis,
1207 519 1275 545 seu
1309 504 1358 545 de
1389 510 1503 545 terra
1535 520 1626 546 con·
1647 518 1666 549 5

97 569 264 624 ciperis,
295 584 366 610 seu
409 570 594 610 numeris
629 585 700 611 seu
735 572 888 611 atomis
925 573 1198 620 concinnaris,
1229 588 1299 614 seu
1333 588 1425 614 cuni
1458 588 1629 627 corpore

99 639 264 693 incipis,
300 653 368 680 seu
406 644 500 692 post
528 654 677 693 corpus
706 639 932 689 induceris,
971 641 1076 682 unde
1114 642 1221 682 unde
1251 648 1287 683 et
1320 657 1476 696 quoquo
1510 642 1630 683 ‘modo

101 707 308 749 hominem
337 708 458 763 facis
489 708 652 749 animal
688 708 909 757 rationale,
940 724 1082 750 sensus
1113 717 1149 751 et
1181 711 1374 752 scientiae
1407 712 1629 766 capacissi-

102 792 229 818 mum.
290 776 356 818 De
387 776 546 817 Anima
574 776 729 832 passim
759 792 833 832 eg.
861 780 886 818 3
914 792 951 832 p.
976 780 1058 819 303
1088 779 1112 819 l.
1142 780 1167 819 3
1198 779 1320 820 VViss.
1350 780 1431 820 alii
1460 780 1631 821 inimor-

102 847 230 887 talem
264 852 417 901 neyunt
447 846 651 894 animam,
684 846 764 887 alii
788 847 890 901 plus
922 862 1048 901 quant
1078 848 1360 889 immortalem
1391 848 1634 903 adfirmant,
1654 864 1697 886 10

105 915 187 955 alii
219 914 269 956 de
299 915 545 964 substantia,
576 915 658 955 alii
688 915 739 956 de
765 914 926 969 forma,
959 915 1040 955 alii
1070 915 1121 956 de
1152 931 1237 956 una
1268 932 1428 971 quaque
1459 917 1634 971 disposi-

105 984 215 1025 tione
261 984 521 1038 disceptant:
571 984 615 1024 hi
655 990 809 1025 statum
854 984 941 1025 eius
982 985 1156 1025 aliiende
1196 985 1361 1033 ducunt,
1398 986 1442 1026 lu·
1482 987 1636 1027 eoeit‘utn

104 1054 314 1094 aliorsum
340 1053 562 1102 abducunt,
592 1059 723 1108 prout
745 1059 821 1094 aut
841 1053 1039 1095 Platonis
1060 1054 1190 1095 honor
1219 1060 1292 1095 aut
1314 1055 1491 1096 Zenonis
1516 1057 1639 1110 uiyor

108 1128 184 1163 aut
212 1122 457 1163 Aristotelis
488 1128 604 1163 tenor
635 1128 710 1163 aut
738 1122 923 1176 Epicuri
949 1128 1095 1176 stupor
1128 1128 1200 1163 aut
1232 1123 1446 1164 Heracliti
1474 1139 1640 1165 maeror

109 1197 184 1232 aut
220 1191 488 1246 Empedoclis
520 1190 652 1245 furor
675 1196 988 1246 persuaserunt.
1050 1190 1113 1232 Cf.
1152 1191 1222 1232 Sir
1251 1192 1366 1232 John
1399 1193 1556 1234 Davies
1587 1209 1640 1234 on
1662 1207 1703 1237 15

110 1259 186 1301 the
218 1260 322 1300 soul.

198 1343 236 1383 p.
262 1330 343 1369 132
377 1328 400 1368 l.
430 1330 482 1369 20
515 1328 580 1369 De
618 1328 779 1369 Anima
815 1331 839 1369 5
869 1344 931 1384 pr.
967 1330 1005 1370 si
1035 1343 1115 1370 non
1143 1329 1250 1370 alios
1283 1344 1302 1370 e
1336 1331 1546 1372 contrario
1579 1332 1641 1371 in-

110 1397 322 1452 speoeerint
362 1403 400 1438 et
435 1396 604 1451 quidem
644 1397 800 1452 plures,
838 1412 989 1452 corpus
1030 1398 1199 1439 animae
1240 1399 1513 1440 uindicantes,
1572 1415 1644 1441 nec

114 1466 210 1507 illos
241 1466 332 1507 dico
363 1466 483 1515 solos,
505 1466 578 1520 qui
608 1481 701 1507 eam
728 1466 778 1507 de
806 1466 1044 1522 manifestis
1066 1467 1352 1521 corporalibus
1374 1469 1579 1522 effirvyunt,
1601 1475 1646 1510 ut

114 1535 395 1590 Hipparchus
425 1541 463 1576 et
484 1535 734 1577 Heraclitus
760 1550 808 1576 eoe
828 1535 931 1590 iyni,
953 1541 1000 1577 ut
1021 1535 1197 1590 Hippon
1229 1542 1265 1577 et
1285 1536 1434 1577 Thales
1455 1552 1503 1578 esc
1524 1552 1646 1592 aqua,
1665 1551 1710 1572 20

115 1611 161 1646 ut
183 1604 455 1659 Empedocles
481 1611 517 1646 et
541 1604 701 1646 Critias
728 1619 776 1646 eac
802 1605 1017 1659 sanquine,
1045 1611 1085 1645 ut
1109 1606 1321 1659 Epicurus
1350 1621 1399 1647 ex
1429 1607 1588 1654 atomis,
1611 1607 1648 1647 si

115 1680 154 1716 et
177 1674 306 1715 atomi
328 1674 612 1728 corpulentias
633 1673 682 1715 de
703 1674 815 1715 coitu
835 1689 907 1715 suo
930 1680 1088 1728 coynnt,
1110 1680 1151 1715 ut
1175 1674 1387 1715 Critolaus
1409 1681 1445 1716 et
1469 1674 1647 1730 Peripa-

114 1743 227 1784 tetici
257 1743 348 1783 eius
377 1757 426 1783 ex
448 1743 596 1796 quinta
620 1743 752 1784 nescio
774 1758 858 1798 qua
879 1743 1125 1792 substantia,
1146 1744 1184 1783 si
1205 1749 1242 1784 et
1265 1743 1345 1784 illu
1368 1758 1525 1798 corpus,
1548 1744 1649 1798 quia

115 1825 294 1866 corpora
324 1811 526 1860 includit;
563 1811 635 1852 sed
666 1812 794 1852 etiam
824 1812 982 1854 Stoicos
1013 1812 1161 1866 alleyo,
1193 1812 1265 1867 qui
1295 1812 1494 1867 spiritum
1520 1827 1648 1866 prae-

118 1881 304 1922 dicantes
329 1881 521 1921 animam
545 1895 681 1935 paene
712 1881 1107 1936 nobiscuni....Aug.
1130 1881 1195 1921 De
1231 1880 1324 1922 Ciu.
1348 1880 1429 1921 Dei
1452 1892 1571 1921 XV111
1595 1883 1646 1921 41
1669 1900 1688 1921 2
1693 1900 1712 1931 5

116 1952 173 2003 (ΙΙ
206 1952 289 1990 318
323 1952 376 1991 20
408 1964 467 2004 sq.
500 1949 743 2002 Dombart).

207 2034 246 2074 p.
271 2021 352 2060 132
382 2019 406 2060 l.
431 2021 481 2059 21
518 2030 684 2060 ATOMIS
709 2019 878 2061 Usener
908 2019 1118 2075 Epicurea
1147 2020 1194 2060 fr.
1216 2021 1300 2060 354
1328 2035 1366 2074 p.
1392 2021 1472 2060 238
1498 2021 1529 2072 )(
1549 2019 1651 2060 Lac-

123 2094 230 2129 tant.
253 2088 320 2129 De
342 2089 414 2129 Ira
436 2088 519 2129 Dei
544 2091 596 2130 10
617 2087 636 2144 ξ
659 2091 724 2129 28.

209 2172 248 2213 p.
273 2159 354 2198 132
379 2157 401 2198 l.
427 2160 479 2197 22
503 2169 744 2199 PLATONICI
766 2158 821 2199 ad
844 2164 929 2199 nab.
953 2170 987 2198 11
1011 2160 1034 2198 2
1058 2173 1098 2213 p.
1121 2160 1173 2199 96
1198 2158 1219 2198 l.
1245 2159 1268 2198 6
1294 2157 1415 2198 Wiss.
1439 2158 1654 2199 Platonici

123 2227 293 2281 quidem
324 2233 539 2268 curcinteni
570 2242 712 2268 rerum
745 2232 781 2268 et
807 2227 1017 2268 arbitrum
1045 2233 1082 2268 et
1110 2227 1301 2272 iudicem,
1323 2227 1528 2280 Elr>icurei
1555 2228 1653 2268 otio·
1673 2248 1717 2279 30

122 2310 217 2336 sum
247 2301 284 2336 et
314 2295 586 2337 inescercitum
615 2301 664 2342 et,
699 2302 740 2336 ut
771 2297 833 2337 ita
865 2296 1057 2341 dixerim,
1092 2296 1314 2344 ›zemz'nem,·
1340 2296 1527 2350 positum
1561 2311 1654 2337 uero

126 2369 245 2404 eoetra
271 2364 476 2404 'mundum
515 2364 658 2413 Stoici,
688 2365 803 2405 intra
845 2364 1049 2404 mundum
1079 2364 1304 2405 Platonici.
1366 2363 1431 2404 De
1464 2364 1656 2418 Spectac.

126 2434 181 2472 30
208 2447 245 2487 p.
276 2434 328 2473 29
359 2432 380 2472 l.
418 2436 438 2473 1
464 2433 588 2474 W'iss.
610 2440 834 2488 praeterea
865 2434 1071 2488 sapientes
1102 2433 1198 2474 illos
1227 2433 1489 2487 philosophos
1515 2448 1655 2474 corani

127 2503 348 2557 discipulis
375 2503 464 2544 suis
488 2518 571 2544 una
593 2503 951 2558 conflayrcmtibus
978 2503 1263 2548 erubescentes,
1285 2502 1432 2556 quibus
1460 2503 1567 2543 nihil
1599 2502 1656 2543 ad

128 2571 252 2613 deum
286 2572 499 2626 pertinere
533 2572 774 2614 suadebant.
835 2573 883 2614 cf.
919 2572 1108 2627 Spencer
1138 2587 1192 2612 on
1224 2571 1340 2625 Orig.
1370 2571 1513 2613 Contr.
1546 2572 1658 2616 Cels.
1677 2590 1720 2622 35

130 2652 145 2681 Ι
169 2655 200 2681 c.
228 2642 278 2680 21
304 2655 342 2695 p.
374 2640 424 2681 17
450 2641 474 2682 l.
498 2643 551 2682 10
575 2643 734 2694 (annot.
757 2656 797 2696 p.
821 2644 923 2692 16³).
984 2640 1143 2681 Arnob.
1169 2652 1203 2680 ΙΙ
1226 2642 1279 2681 56
1304 2642 1329 2680 f.
1350 2640 1444 2681 deos
1466 2643 1658 2683 nonnulli

130 2723 214 2750 esse
235 2709 466 2763 abtzeyant;
491 2725 672 2765 prorsus
700 2710 894 2752 dubitare
921 2725 962 2751 se
990 2710 1071 2750 alii
1101 2725 1156 2750 an
1187 2710 1271 2750 sint
1298 2710 1466 2763 uspiam
1495 2710 1658 2761 dicunt‚·

130 2779 213 2820 alii
237 2794 331 2820 uero
356 2779 547 2821 exsistere
568 2794 696 2836 neque
716 2780 904 2821 humana
925 2794 1095 2821 curare:
1127 2779 1254 2819 imino
1284 2779 1365 2820 alii
1386 2779 1603 2834 perhibent
1623 2786 1660 2822 et

1425 2865 1554 2901 29—2
