1827 3004
165 72 241 112 154
724 72 1123 112 T-ERTVLLIANI
1438 74 1495 128 [p.
1520 75 1543 113 6
1566 73 1592 113 l.
1622 75 1702 112 1-

248 201 286 240 p.
312 190 335 225 6
360 187 381 226 l.
409 190 426 226 1
457 199 689 228 IMPVTANT
717 188 769 228 de
800 188 959 243 paenit.
991 190 1015 229 6
1042 203 1077 229 a.
1108 203 1160 228 m.
1191 203 1229 243 p.
1254 190 1337 229 654
1365 189 1388 228 l.
1413 190 1436 229 6
1469 188 1562 242 (luis
1589 187 1700 228 euim

162 270 319 305 seruus,
346 264 565 311 postquam
602 258 789 299 libertate
820 264 1006 299 incitatus
1037 264 1107 307 est,
1126 258 1260 313 furta
1284 273 1363 298 sua
1393 263 1429 299 et
1454 258 1592 312 sufflas
1621 255 1700 297 sibi

163 324 414 379 imputat?
494 327 543 367 cf.
593 342 647 366 on
696 327 771 367 the
825 333 934 368 stars
983 342 1028 368 as
1086 344 1111 368 a
1161 334 1390 383 scapegoat
1438 328 1520 368 Iul.
1569 326 1701 367 Firm.

164 393 295 433 math.
339 405 353 434 1
399 397 417 433 1
463 394 507 434 in
545 394 772 435 Heraldus.

123 473 143 504 5
249 476 287 517 p.
321 464 345 503 6
378 463 400 503 l.
436 465 459 503 2
492 475 797 505 CHRISTIANVS
828 477 950 506 VERo
982 477 1096 514 QVID
1125 469 1309 506 SIMILE?
1371 480 1402 506 c.
1431 467 1454 504 2
1484 480 1544 520 pr.
1574 463 1701 518 quod-

163 545 334 585 cumque
365 532 558 574 dicimur.
620 533 722 574 ibid.
752 549 790 589 p.
816 536 839 575 6
864 534 887 575 1.
913 536 965 575 25
988 535 1039 575 de
1060 535 1177 576 uobis
1198 535 1306 575 nihil
1328 534 1422 575 tale.
1483 548 1514 574 c.
1538 535 1562 573 8
1585 547 1622 588 p.
1648 534 1703 572 28

164 599 186 639 l.
222 600 275 639 24
311 600 430 642 homo
462 616 503 642 es
536 607 573 642 et
610 602 710 657 ipse,
741 603 853 657 (μιοιῖ
885 609 922 644 et
954 603 1402 645 Christianus...homo
1433 609 1491 644 est
1521 602 1631 643 euim
1667 606 1705 642 et

165 668 434 710 Christianus
454 676 491 711 et
513 671 622 725 quod
644 677 681 712 et
702 677 756 712 tu.

251 748 468 779 NEMINEM
509 751 669 789 PVDET,
707 752 925 782 NEMINEM
968 753 1203 791 PAENITET,
1240 753 1333 782 NISI
1371 751 1519 781 PLANE
1555 750 1705 780 RETRO

104 820 145 842 10
165 817 260 846 NON
298 819 451 848 FVISsE
485 809 643 850 Minue.
684 812 736 851 28
773 809 792 866 ἓ
826 813 850 851 2
888 812 1051 852 malum
1093 818 1234 853 (mitem
1275 811 1377 852 adeo
1414 825 1491 851 uon
1532 824 1624 857 esse,
1663 813 1705 848 ut

166 874 432 917 Christianus
462 892 556 918 reus
588 893 659 920 uec
691 879 941 921 erubesceret
971 895 1043 921 uec
1074 881 1247 929 timeret,
1278 886 1315 921 et
1343 894 1492 920 unum
1525 878 1703 918 solum-

164 945 320 995 modo,
352 947 482 1000 quod
515 962 611 988 non
642 954 759 989 ante
792 949 967 998 fuerit,
998 949 1309 1004 paeniteret.

251 1029 288 1069 p.
328 1017 351 1056 6
391 1016 412 1056 l.
452 1018 478 1056 4
514 1028 553 1057 SI
587 1028 864 1067 ACCVSATVR,
897 1030 993 1059 NON
1031 1030 1266 1059 DEFENDIT
1297 1018 1413 1058 Lact.
1448 1028 1477 1056 v
1511 1018 1564 1057 20
1600 1013 1619 1071 ξ
1651 1016 1705 1055 10

110 1077 114 1080 ’
164 1082 256 1124 ideo
277 1098 371 1124 eum
398 1090 486 1125 tam
515 1086 702 1140 nefanda
723 1088 1001 1141 perpetimur,
1023 1103 1072 1128 ue
1094 1087 1217 1128 uerbo
1240 1086 1410 1141 quidem
1433 1085 1706 1132 reluctamur,

106 1169 144 1198 15
164 1151 236 1192 sed
257 1152 344 1193 Deo
366 1153 620 1195 remittimus
645 1156 851 1196 ultionem.

251 1237 289 1276 p.
323 1224 347 1263 6
381 1223 404 1264 1.
438 1226 462 1263 5
492 1235 741 1265 DAMNATVS
772 1237 966 1266 GRATIAS
997 1237 1106 1266 Acir
1132 1241 1163 1266 ο.
1193 1227 1246 1266 46
1276 1240 1312 1280 p.
1342 1240 1397 1264 m.
1423 1238 1462 1279 p.
1492 1225 1574 1264 130
1605 1223 1629 1264 l.
1654 1225 1706 1262 15

167 1290 491 1333 Christianus
523 1294 675 1335 etiam
709 1295 978 1337 damnatus
1013 1295 1207 1351 gratias
1243 1294 1367 1350 agit.
1430 1296 1484 1335 50
1510 1294 1534 1333 f.
1568 1294 1708 1345 (note)

165 1376 203 1415 p.
229 1363 309 1402 146
337 1362 360 1402 1.
389 1364 413 1403 9
442 1363 541 1404 iude
573 1370 631 1405 est
663 1365 773 1419 quod
802 1365 958 1407 ibidem
989 1364 1266 1406 sententiis
1298 1363 1486 1405 uestris
1518 1362 1711 1418 gratias

167 1429 376 1484 agimus.
439 1437 484 1472 ut
514 1438 573 1473 est
604 1433 835 1474 aemulatio
864 1433 1040 1474 diuimze
1070 1434 1134 1474 rei
1159 1439 1197 1474 et
1223 1432 1444 1481 humanae,
1467 1447 1560 1473 cum
1587 1431 1708 1471 (Ium-

107 1517 149 1538 20
170 1513 323 1540 namur
346 1515 372 1540 a
394 1500 520 1548 uobis,
543 1516 570 1541 a
592 1502 679 1543 Deo
703 1502 975 1544 absotuimur.
1035 1505 1055 1542 1
1082 1502 1174 1544 Cor.
1199 1504 1225 1542 4
1249 1504 1313 1542 12.
1366 1501 1520 1542 Iustin.
1543 1501 1650 1556 apol.
1675 1512 1708 1540 ΙΙ

169 1569 192 1607 2
217 1568 240 1608 f.
264 1583 300 1623 p.
325 1571 396 1610 43ς
418 1569 589 1619 Lucius,
606 1571 841 1627 defending
863 1572 1148 1620 Ptolemaeus,
1169 1571 1255 1611 and
1276 1570 1517 1625 confessing
1539 1569 1717 1610 himself

167 1652 191 1676 a
214 1636 445 1687 Christian,
468 1639 504 1679 is
526 1640 702 1680 ordered
726 1642 788 1681 for
817 1641 1067 1682 execution:
1101 1639 1121 1682 ὁ
1155 1641 1201 1682 δὲ
1230 1640 1304 1682 καὶ
1335 1639 1491 1696 χάριν
1523 1638 1711 1681 εἰδέναι

169 1706 393 1760 ὡμολόγει,
430 1711 631 1764 πονηρῶν
667 1709 896 1751 δεσποτῶν
933 1713 1018 1751 τῶν
1060 1709 1268 1752 τοιούτων
1305 1708 1605 1766 ἀπηλλάχθαι
1646 1727 1709 1759 Ὑι-

171 1774 351 1817 νώσκων
373 1777 442 1818 καὶ
466 1776 575 1833 πρὸς
599 1777 674 1819 τὸν
697 1778 870 1834 πατέρα
896 1780 968 1820 καὶ
997 1779 1196 1828 βασιλέα
1226 1780 1314 1820 τῶν
1337 1778 1531 1835 οὐρανῶν
1554 1777 1710 1834 πορεύ-

108 1859 150 1889 25
171 1845 311 1892 εσθαι,
334 1845 405 1887 καὶ
437 1845 575 1891 ἄλλος
605 1846 650 1888 δὲ
679 1847 826 1901 τρίτος
855 1848 1056 1890 ἐπελθὼν
1091 1848 1368 1900 κολασθῆναι
1394 1846 1711 1901 προσετιμήθη.

170 1913 280 1969 Aug.
303 1929 424 1956 serm.
448 1918 530 1957 309
564 1918 590 1956 4
621 1918 761 1972 (reply
794 1919 841 1958 of
865 1917 1054 1973 Cyprian
1082 1924 1125 1958 to
1157 1918 1232 1958 the
1262 1924 1463 1958 sentence
1489 1918 1536 1957 of
1560 1916 1714 1967 death)

170 1982 272 2023 Deo
294 1985 512 2038 gratias!
573 1986 632 2026 Le
656 1987 788 2028 Blant
810 1988 871 2028 les
893 1994 1010 2028 actes
1031 1987 1106 2027 des
1128 1992 1313 2042 martyrs
1337 1986 1516 2027 237—8.

846 2161 953 2204 CAP.
986 2162 1032 2201 II

260 2260 321 2302 Cf.
336 2277 367 2302 c.
383 2264 437 2303 46
453 2264 565 2319 ‘why
574 2265 681 2305 have
698 2281 757 2306 we
775 2273 851 2307 not
868 2267 943 2307 the
960 2281 1075 2307 same
1091 2265 1309 2321 impunity
1318 2281 1363 2306 as
1377 2266 1671 2322 philosophers
1686 2267 1716 2307 ?⁷

260 2345 298 2385 p.
337 2333 360 2371 6
404 2332 427 2373 l.
468 2333 517 2373 17
563 2345 856 2376 CHRISTIANIS
897 2348 1020 2377 SOLIS
1062 2347 1196 2376 NIHIL
1232 2346 1539 2376 PERMITTITVR
1576 2347 1714 2384 LOQVI

112 2410 297 2446 30QVOD
334 2411 515 2441 CAVSAM
549 2413 729 2444 PVRGET
762 2404 930 2453 Iulitta,
964 2404 1159 2459 winning
1192 2404 1269 2444 her
1301 2419 1394 2445 case
1431 2404 1601 2459 against
1634 2419 1715 2445 one

174 2467 266 2507 who
289 2467 372 2508 had
399 2469 641 2511 embezzled
670 2471 744 2512 the
776 2478 947 2527 greater
967 2479 1064 2527 part
1093 2473 1140 2512 of
1163 2472 1239 2512 her
1264 2478 1413 2521 estate,
1434 2487 1519 2513 was
1545 2473 1602 2527 by
1623 2472 1712 2512 him

173 2536 422 2577 denounced
453 2553 499 2578 as
529 2554 555 2579 a
586 2539 819 2582 Christian.
882 2541 1094 2596 Refusing
1116 2548 1159 2582 to
1185 2541 1384 2591 sacrifice,
1406 2541 1481 2582 she
1504 2556 1588 2582 was
1616 2556 1714 2581 6611-

173 2605 356 2646 demned
379 2612 423 2647 to
444 2607 519 2648 the
541 2609 663 2649 stake
678 2609 826 2661 (Basil.
842 2610 951 2651 hom.
967 2610 1019 2650 de
1042 2609 1223 2650 diuersis
1245 2625 1270 2649 v
1292 2609 1337 2650 in
1359 2615 1481 2650 mart.
1500 2609 1715 2658 Iulittam,

175 2685 209 2713 11
233 2676 467 2727 33²²-430).

114 2759 156 2789 35
262 2757 302 2797 p.
335 2745 358 2783 6
392 2744 414 2784 l.
450 2747 501 2785 15)
525 2756 663 2785 ILLVD
694 2758 843 2786 SOLVM
876 2757 1199 2787 EstECTATVR
1230 2758 1354 2794 QVOD
1383 2758 1493 2787 ODIO
1522 2758 1718 2787 PVBLICO
