1827 3004
90 69 142 109 94
657 66 1055 131 TERTVLLIANI

170 181 243 222 28.
304 181 517 230 Quoniam
571 186 719 221 autem
772 180 896 220 facile
949 180 1146 234 iniquum
1199 180 1420 221 uideretur
1471 181 1626 222 liberos

88 258 282 298 homines
308 258 468 298 inuitos
497 257 635 311 urgeri
662 257 718 297 ad
745 256 1074 298 sacrificandum
1104 259 1222 308 (nam
1251 262 1295 298 et
1320 257 1426 298 alias
1452 257 1624 298 diuinae

87 335 144 375 rei
181 335 409 375 faciundae
444 335 581 375 libens
617 335 787 374 animus
822 334 1058 386 indicitur),
1096 340 1211 376 certe
1245 335 1443 389 ineptum
1481 335 1623 376 existi-

86 417 290 461 maretur,
323 411 357 452 si
388 411 484 465 quis
514 411 568 452 ab
600 412 683 451 alio
715 417 938 466 cogeretur
967 412 1023 452 ad
1054 413 1260 453 honorem
1291 413 1483 462 deorum,
1517 427 1624 466 quos

87 489 200 529 ultro
217 489 281 529 sui
299 502 427 529 causa
445 489 615 542 placare
632 488 821 537 deberet,
839 502 893 528 ne
909 503 1011 542 pra-e
1028 503 1161 529 manu
1177 494 1289 530 esset
1303 489 1395 529 iure
1410 488 1623 529 libertatis

86 565 245 605 dicere:
281 564 391 605 Nolo
409 565 513 605 mihi
532 565 683 605 Iouem
700 565 960 618 propitium3
995 570 1045 606 tu
1062 566 1156 619 quis
1175 580 1217 606 es
1230 567 1243 606 2
1307 565 1374 605 Me
1392 565 1623 606 conueniat

86 643 219 683 Ianus
234 643 371 683 iratus
389 657 439 682 ex
458 657 544 696 qua
561 642 667 683 uelit
683 642 848 691 fronte,
883 642 988 696 quid
1004 642 1084 683 tibi
1102 656 1271 682 mecum
1289 644 1380 683 est?
1429 642 1622 683 Formati

86 721 187 761 estis
212 721 266 761 ab
292 721 429 762 isdem
454 721 606 775 utique
630 720 865 775 spiritibus,
893 720 958 760 uti
983 735 1061 761 nos
1086 735 1162 774 pro
1188 721 1326 761 salute
1350 717 1623 774 imperatoris

85 798 322 838 sacrificare
348 798 524 852 cogatis,
549 803 592 838 et
619 797 810 851 inposita
841 802 906 837 est
934 802 1027 837 tam
1048 797 1171 838 uobis
1192 798 1423 838 necessitas
1444 798 1622 852 cogendi

85 890 216 929 quam
265 875 388 916 nobis
437 874 642 929 obligatio
692 874 976 931 periclitandi.
1037 874 1228 914 Ventum
1277 880 1342 915 est
1388 874 1519 928 igitur
1567 875 1622 915 ad

84 952 321 992 secundum
373 952 551 993 titulum
602 952 742 992 laesae
793 951 1052 1005 augustioris
1103 951 1356 999 maiestatis,
1409 950 1621 1005 siquidem

85 1029 244 1069 maiore
276 1029 504 1070 formidine
536 1034 579 1069 et
611 1028 826 1069 callidiore
857 1027 1094 1068 timiditate
1125 1027 1350 1068 Caesarem
1382 1027 1622 1068 obseruatis

84 1120 215 1159 quam
245 1106 388 1160 ipsum
419 1105 472 1146 de
504 1105 689 1159 Olympo
720 1104 884 1145 Iouem.
946 1104 1005 1144 Et
1034 1103 1201 1153 merito,
1233 1104 1267 1144 si
1298 1104 1456 1145 sciatis.
1518 1103 1621 1153 Quis

84 1185 197 1225 enim
224 1200 276 1226 ex
301 1185 553 1226 uiuentibus
578 1184 761 1239 quilibet
785 1198 873 1224 non
898 1189 1070 1224 mortuo
1097 1184 1265 1237 potior?
1328 1183 1411 1224 Sed
1436 1198 1514 1224 nec
1541 1184 1620 1225 hoc

82 1280 160 1306 uos
188 1266 355 1306 ratione
382 1265 525 1307 facitis
552 1265 699 1320 potius
727 1278 859 1318 quam
887 1268 1086 1317 respectu
1113 1268 1450 1317 praesentaneae
1478 1269 1618 1318 potes-

81 1342 208 1382 tatis:
240 1342 347 1382 adeo
363 1348 407 1383 et
418 1342 463 1382 in
476 1342 559 1383 isto
573 1341 803 1396 inreligiosi
817 1354 914 1395 erga
929 1340 1031 1380 deos
1044 1345 1211 1380 uestros
1225 1339 1617 1394 deprehendemini,

83 1432 180 1458 cum
199 1419 295 1472 plus
312 1418 480 1459 timoris
498 1418 688 1458 humano
707 1417 898 1458 dominio
917 1416 1084 1458 dicatis.
1145 1416 1281 1457 Citius
1299 1416 1483 1470 denique
1501 1417 1619 1471 apud

81 1510 158 1536 uos
180 1510 255 1550 per
276 1509 425 1536 omnes
447 1495 549 1536 deos
571 1509 703 1549 quam
726 1509 800 1549 per
821 1509 957 1535 unum
979 1493 1152 1548 genium
1175 1493 1366 1534 Caesaris
1387 1494 1616 1547 peieratur.

163 1625 236 1667 29.
296 1625 475 1667 Constet
493 1625 623 1680 igitur
643 1625 773 1679 prius,
795 1624 829 1665 si
847 1624 932 1673 isti,
956 1624 1113 1678 quibus
1131 1623 1410 1674 sacrificatur,
1432 1626 1617 1666 salutem

78 1703 413 1757 imperatoribus
440 1703 507 1744 uel
535 1702 711 1743 cuilibet
738 1702 900 1742 homini
925 1702 1130 1756 inpertire
1156 1707 1351 1756 possunt,
1381 1708 1424 1743 et
1450 1703 1512 1743 ita
1539 1718 1617 1744 nos

80 1780 245 1833 crimini
274 1780 515 1820 maiestatis
543 1779 743 1828 addicite,
775 1779 809 1819 si
838 1779 976 1833 angeli
1005 1784 1082 1819 aut
1111 1779 1341 1819 daemones
1369 1779 1615 1820 substantia

79 1857 251 1909 pessimi
281 1857 457 1910 spiritus
490 1855 746 1897 beneficium
776 1855 951 1909 aliquod
985 1860 1231 1909 operantur,
1265 1856 1298 1895 si
1331 1855 1486 1909 perditi
1518 1870 1614 1897 Con-

79 1940 267 1983 seruant,
302 1934 336 1974 si
368 1934 566 1974 damnati
597 1933 796 1982 liberant,
830 1933 863 1973 si
896 1933 1093 1986 denique,
1129 1933 1246 1987 quod
1277 1933 1320 1973 in
1354 1933 1615 1974 conscientia

78 2016 223 2051 uestra
264 2016 340 2059 est,
382 2011 542 2051 mortui
581 2011 705 2051 uiuos
744 2015 935 2050 tuentur.
996 2009 1109 2050 Nam
1149 2010 1300 2063 utique
1339 2024 1438 2050 suas
1476 2010 1614 2064 primo

79 2092 248 2127 statuas
264 2093 307 2128 et
320 2088 527 2141 imagines
543 2093 587 2128 et
600 2087 727 2127 aedes
742 2092 980 2135 tuerentur,
998 2101 1121 2140 quae,
1139 2092 1188 2127 ut
1203 2087 1366 2141 opinor,
1384 2087 1614 2128 Caesarum

78 2162 235 2203 milites
253 2163 444 2203 excubiis
461 2164 581 2204 salua
599 2169 836 2217 praestant.
870 2164 983 2203 Puto
1001 2169 1161 2212 autem,
1183 2178 1256 2203 eae
1272 2164 1390 2217 ipsae
1408 2164 1613 2205 materiae

78 2239 130 2278 de
154 2239 339 2279 metallis
362 2239 593 2280 Caesarum
616 2240 811 2289 ueniunt,
839 2245 882 2280 et
905 2244 1001 2280 tota
1025 2240 1187 2294 templa
1212 2240 1265 2280 de
1288 2246 1400 2281 nutu
1423 2241 1614 2281 Caesaris

78 2322 293 2357 constant.
354 2316 479 2357 Multi
527 2318 712 2372 denique
759 2317 827 2358 dei
874 2317 1121 2357 habuerunt
1168 2317 1391 2357 Caesarem
1437 2318 1610 2359 iratum.

78 2394 201 2435 Facit
226 2396 281 2435 ad
307 2410 494 2446 causam,
521 2397 555 2437 si
582 2402 625 2437 et
649 2397 898 2451 propitium,
927 2411 1025 2437 cum
1049 2397 1129 2437 illis
1154 2396 1317 2450 aliquid
1341 2397 1612 2438 liberalitatis

77 2480 155 2515 aut
176 2475 384 2530 priuilegii
407 2477 584 2518 confert.
646 2477 716 2517 Ita
739 2477 812 2531 qui
834 2482 937 2517 sunt
957 2477 1002 2517 in
1023 2476 1214 2518 Caesaris
1236 2481 1466 2531 potestate,
1492 2477 1612 2518 cuius

77 2559 121 2593 et
144 2554 226 2594 toti
252 2560 365 2604 sunt,
394 2556 611 2609 quomodo
638 2555 862 2596 habebunt
886 2555 1070 2596 salutem
1096 2555 1286 2596 Caesaris
1309 2556 1353 2596 in
1378 2561 1608 2610 potestate,

76 2638 126 2672 ut
151 2647 245 2673 eam
269 2640 489 2687 praestare
513 2649 636 2689 posse
660 2635 904 2684 uideantur,
932 2649 1063 2689 quam
1088 2635 1254 2675 facilius
1278 2635 1359 2689 ipsi
1383 2650 1407 2675 a
1433 2635 1610 2677 Caesare

77 2715 421 2766 consequantur?
484 2715 588 2755 Ideo
612 2729 709 2769 ergo
732 2715 1046 2755 committimus
1067 2715 1110 2755 in
1133 2715 1405 2756 maiestatem
1427 2707 1607 2770 impera·-

1643 496 1662 527 5

1644 888 1685 909 10

1642 1279 1681 1309 Ι5

1634 2106 1682 2145 25,

1631 2493 1674 2524 30
